3288 4900
439 427 552 482 Consilii
571 427 696 496 periodus
715 429 809 484 tertia.
1134 429 1186 484 171

66 573 219 636 undecim
244 573 403 658 exceptis,
428 575 484 657 qui
508 581 566 636 aut
589 571 720 657 adjecta
736 572 880 658 quadam
898 572 1088 636 conditione
1105 572 1188 638 illud

64 671 298 756 approbarunt,
323 671 381 734 arnt
397 669 509 755 aliqua
526 693 568 733 ex
586 679 678 754 parte
695 669 940 754 improbarunt;
967 669 1084 733 horum
1102 692 1187 734 com·

63 769 169 853 plures
182 768 426 832 dubitationem
443 790 521 852 prae
539 790 573 831 se
589 766 745 849 tulerunt,
771 767 859 853 quod
873 766 976 831 verba
991 768 1188 852 praeberent

64 875 294 952 argumentum
326 865 414 929 illius
445 865 695 950 interpretandi,
725 864 863 950 perinde
892 886 931 928 ac
955 867 981 928 si
1006 866 1187 931 residentia

58 966 138 1050 juris
154 965 265 1029 divini
282 985 351 1027 esse
369 962 601 1044 declararetur,
627 985 712 1048 quae
737 963 916 1026 declaratio
942 963 1096 1027 omnibus
1119 987 1185 1029 non

62 1064 230 1149 placuerat
254 1073 290 1127 ut
313 1063 414 1126 fieret.
865 1055 866 1058 '
1384 1123 1386 1130 .

147 1162 223 1226 130.
273 1160 410 1245 Sarpius
434 1158 518 1244 stylo
543 1168 639 1223 acuto
664 1169 696 1222 et
719 1168 882 1222 venenato
907 1159 1031 1240 scribit,
1057 1159 1359 1224 nullamsarnneona

62 1259 200 1323 Concilii
218 1257 406 1322 Tridentini
432 1259 596 1320 actionem
620 1267 712 1320 tanta
731 1257 920 1320 curiositate
943 1280 962 1320 a
987 1259 1181 1323 mortalibus
1199 1231 1235 1269 ⁰¹⁸
1249 1233 1353 1282 ⁰¹p¹⁰⁸⁸‘

61 1366 285 1443 exspectatam
309 1357 421 1436 fuisse,
447 1377 546 1439 quam
571 1355 658 1418 hanc
682 1358 871 1433 sessionem,
895 1377 958 1440 quo
976 1355 1110 1421 tandem
1136 1360 1183 1421 in-

17 1508 20 1516 .
60 1455 271 1540 telligeretur,
306 1454 465 1540 quidnam
503 1454 616 1517 decem
654 1476 783 1517 menses
807 1455 842 1516 in
867 1456 1078 1517 contentione
1103 1454 1183 1519 deti-

62 1555 184 1617 nuisset
208 1563 257 1617 tot
279 1551 447 1638 praesules
461 1552 623 1632 Tridenti,
648 1566 680 1615 et
704 1554 738 1616 in
762 1553 893 1635 negotio
918 1562 966 1615 tot
989 1552 1081 1616 aulas
1096 1556 1182 1639 prin·

62 1652 178 1735 cipum.
218 1651 295 1731 Sed,
320 1673 363 1714 ex
377 1650 507 1734 adagio,
533 1651 758 1713 existImatum
782 1651 884 1713 fuisse
907 1659 1039 1734 partum
1064 1653 1183 1716 nativi·

62 1758 228 1836 ratemque
253 1750 351 1813 unius
376 1749 488 1827 muris,
514 1749 638 1834 quippe
662 1747 750 1833 quod
775 1769 872 1811 nemo
890 1756 968 1827 erat,
993 1750 1050 1833 qui
1074 1759 1184 1833 posset

63 1846 243 1934 quidquam
268 1849 302 1909 in
328 1846 459 1910 decreto
484 1847 638 1931 reperire,
673 1845 761 1931 quod
786 1868 850 1908 non
877 1845 975 1909 modo
999 1856 1068 1909 tam
1091 1846 1182 1930 longi

61 1948 215 2031 temporis
246 1966 379 2030 operam
413 1953 603 2025 mereretur,
638 1945 695 2008 sed
728 1967 770 2007 ne
794 1942 930 2007 brevem
956 1943 1090 2028 quidem
1114 1954 1181 2008 tam

61 2042 239 2126 insIgnium
265 2045 413 2105 virorum
437 2043 699 2126 occupationem.
730 2043 771 2105 In
788 2041 927 2105 articulo
948 2041 989 2104 de
1003 2042 1183 2105 residentia

62 2151 130 2222 post
152 2151 224 2204 tam
250 2140 444 2203 diuturnum
470 2139 616 2202 studium
634 2141 801 2223 egregiam
817 2139 964 2225 aliquam
980 2139 1182 2203 decisionem

8 2320 9 2323 Ἴ
63 2240 255 2324 exspectari,
281 2238 337 2301 sed
353 2238 604 2323 pronuntiatum
628 2237 729 2300 fuisse
746 2236 890 2322 denique
914 2237 948 2301 id
971 2237 1075 2301 solum
1092 2238 1182 2323 quod

63 2335 181 2400 clarum
209 2345 289 2411 erat,
314 2357 416 2422 quum
442 2336 485 2399 sit
509 2335 647 2399 evidens
664 2358 706 2399 ex
722 2335 794 2420 lege
809 2334 963 2416 naturalI,
988 2337 1114 2399 nemini
1131 2337 1181 2399 fas

63 2453 168 2498 ossea
194 2455 254 2498 suo
280 2455 416 2497 munere
435 2435 504 2519 nisi
528 2432 711 2517 legitimam
736 2431 778 2496 ob
797 2455 931 2496 eausam
956 2433 1113 2514 abesse.¹)
1138 2473 1181 2481 —

62 2527 121 2594 Sed
153 2532 198 2595 ad
232 2530 395 2615 malignas
426 2531 525 2595 hasce
556 2531 706 2616 querelas
736 2530 834 2594 facile
865 2531 1093 2616 respondetur.
1141 2535 1180 2597 In
1231 2544 1232 2547 ’

63 2639 225 2715 comperto
251 2638 330 2711 erat,
364 2628 405 2692 ob
431 2652 513 2715 quas
537 2629 777 2693 controversias
802 2631 967 2692 contentio
992 2639 1059 2693 tam
1084 2631 1182 2694 vehe-

63 2747 148 2790 mens
172 2735 290 2791 exorta
314 2736 409 2792 esset.
457 2727 615 2807 Quaestio
641 2727 682 2790 de
707 2726 908 2811 obligatione
932 2727 1131 2792 residentiae
1149 2740 1181 2793 et

62 2822 96 2886 de
119 2827 329 2888 institutione
353 2826 583 2909 episcoporum
608 2826 754 2888 maxime
777 2823 901 2888 arduae
925 2835 1019 2890 erant
1043 2837 1075 2891 et
1099 2829 1181 2912 peri·

62 2921 127 2986 culo
152 2923 291 3008 plenae3
321 2945 363 2986 ex
387 2925 582 2987 necessitate
606 2945 662 2986 eas
686 2921 908 3008 expendendi,
934 2925 1033 2988 etiam
1058 2927 1092 2988 in
1118 2926 1180 2990 dis·
1244 2975 1246 2978 ψ
1276 2932 1277 2936 ’

61 3024 279 3104 oeptationem
303 3020 449 3084 adducta
466 3031 536 3084 erat
550 3023 729 3084 auctoritas
743 3021 837 3086 Rom.
855 3020 1027 3086 Pontifiois
1043 3022 1180 3109 ejusque

60 3136 154 3201 supra
170 3118 359 3183 Concilium
376 3121 618 3204 praerogativa.
652 3117 685 3182 si
702 3117 869 3182 humanae
886 3120 1083 3205 prudentiae
1098 3144 1180 3207 opus

61 3217 241 3280 maximum
266 3227 325 3298 est,
350 3218 500 3301 ingentia
523 3217 610 3280 mala
634 3218 750 3299 vitare,
784 3217 930 3302 profecto
956 3240 1085 3282 summa
1107 3219 1180 3283 laus

61 3316 214 3378 convenit
230 3315 364 3397 Legatis
389 3324 422 3377 et
438 3315 602 3395 Patribus,
627 3314 716 3400 quod
740 3317 785 3379 ita
810 3315 942 3379 decreta
966 3319 1178 3400 confecerint,

61 3417 93 3470 ut
114 3412 149 3474 in
167 3411 360 3476 diversitate
384 3414 579 3498 opinionum
600 3414 642 3477 ad
659 3423 786 3477 tantam
801 3416 1014 3498 pervenerint
1030 3416 1065 3478 in
1081 3415 1180 3480 rebus

62 3503 263 3573 difficillimis
279 3511 500 3574 concordiam.
527 3511 817 3596 Sapientissimum
835 3533 930 3596 porro
946 3522 995 3576 est
1010 3512 1178 3578 decretum

61 3601 137 3669 illud
162 3607 203 3671 de
220 3603 408 3675 residentia.
439 3608 478 3672 Id
494 3609 582 3695 quod
598 3609 750 3690 homines
774 3612 993 3673 communiter
1009 3610 1178 3695 optabant,

62 3719 123 3764 non
147 3715 217 3769 erat
241 3705 390 3769 definitio
415 3707 695 3791 contemplatricis
712 3706 892 3788 doctrinae,
917 3731 1002 3793 quae
1025 3709 1107 3773 nulli
1132 3720 1180 3773 est

64 3795 254 3868 detrimento
279 3807 305 3867 si
330 3806 484 3888 persistat
507 3807 634 3868 incerta
658 3807 743 3868 inter
767 3806 937 3869 doctorum
955 3808 1178 3891 opinamenta,

64 3895 116 3958 sed
147 3909 184 3962 ut
214 3903 377 3985 pessimus
407 3911 440 3964 et
470 3904 723 3967 nocentissimus
757 3902 880 3966 abusus
914 3925 979 3967 non
1012 3904 1178 3969 residendi

63 3992 232 4062 tolleretur.
268 3999 425 4065 Sublatus
450 4000 504 4064 hic
529 4003 591 4064 fuit
615 4000 669 4064 illo
696 4001 836 4082 decreto,
862 4003 976 4086 poenis
993 4012 1025 4065 et
1040 4005 1179 4066 sanctio·

65 4126 270 4143 x—

131 4207 151 4275 ¹)
170 4210 254 4278 Sarpi,
273 4211 345 4268 Hist.
365 4211 395 4269 L.
415 4212 492 4271 VIII¹
513 4229 537 4265 a.
559 4213 635 4267 1563.
