3336 4908
320 494 322 497 ’
398 492 449 552 ’ΒΘ
468 497 553 551 variis
572 497 800 553 controversiis
891 513 893 516 ⁴
1095 499 1149 554 213

50 638 169 724 theologi
207 641 248 706 de
288 642 508 705 controversis
544 641 693 704 articulis
724 642 884 705 acerrime
926 642 1147 727 disputarunt

48 735 114 799 lnde
134 737 174 801 ab
198 761 285 802 anne
305 739 391 804 1602
415 739 578 823 ejusmodi
597 741 870 823 congregationes
895 739 1034 803 solemni
1051 740 1148 804 modo

48 855 137 898 coram
160 837 406 921 ipsoPoutifice
430 848 564 902 coactae
590 847 676 918 sunt,
701 847 800 923 atque
826 859 930 923 usque
954 837 996 901 ad
1011 849 1147 902 mortem

48 928 206 998 Clementis
230 936 272 1017 (8.
290 936 402 999 Martii
421 934 521 1021 1605)
546 934 680 999 habitae
697 945 774 999 sunt
790 938 951 1000 sessiones
976 938 1149 1020 sexaginta

47 1040 70 1093 et
89 1041 163 1112 octo,
196 1033 258 1097 sub
282 1033 353 1119 ejus
386 1055 574 1098 successore
605 1033 709 1097 Paulo
739 1033 769 1096 V
806 1033 921 1097 decem
943 1032 1037 1097 aliae.
1085 1033 1148 1098 Pro

46 1127 256 1194 Dominioanis
289 1132 504 1217 disputarunt
527 1130 678 1195 Dida-eus
702 1130 846 1195 Alvarez
878 1142 910 1194 et
933 1131 1080 1195 Thomas
1108 1132 1149 1196 de

45 1225 156 1311 Lamos,
180 1251 239 1314 pro
263 1231 404 1295 Jesuitis
427 1231 523 1293 initio
548 1228 728 1313 Gregorius
753 1229 794 1294 de
819 1229 984 1309 Valentia,
1010 1238 1042 1292 et
1066 1239 1148 1314 post·

45 1345 127 1406 quam
150 1327 270 1411 ipsein
286 1327 439 1391 morbum
454 1327 583 1408 incidit,
608 1326 892 1406 Petrus‘Arrubal,
917 1326 1150 1392 Ferdinandus
1235 1329 1237 1332 ⁴
1260 1342 1262 1345 ’

44 1421 163 1487 Bastida
193 1436 226 1488 et
248 1426 398 1490 ,loannes
432 1427 473 1490 de
497 1426 601 1491 Salas.
627 1423 781 1489 Clemens
810 1425 914 1488 VIII,
937 1426 1008 1510 ipse
1040 1426 1149 1510 potius

43 1519 323 1588 Dominicanorum
348 1525 518 1609 systemati
543 1524 666 1588 favisse
691 1523 823 1606 dieitur,
848 1545 950 1609 quum
976 1524 1011 1586 in
1035 1523 1149 1586 eorum

42 1618 146 1684 scholis
176 1622 296 1686 studiis
328 1622 543 1704 incubuisset,
585 1623 642 1687 sed
676 1623 887 1708 quaestiones
922 1630 1149 1685 controversas

42 1727 178 1781 accurate
194 1721 387 1784 examinare
411 1721 588 1785 nitebatur.
630 1721 802 1785 Postremo
826 1741 928 1805 quum
947 1741 989 1799 ex
1004 1718 1149 1804 disputa-

40 1815 171 1879 tionibus
204 1818 363 1881 iustitutis
393 1840 445 1882 res
473 1820 504 1881 ei
528 1818 677 1882 nondum
709 1817 914 1898 claresceret,
947 1818 1016 1901 ipse
1043 1826 1149 1880 totum

41 1911 169 1977 Molinae
199 1913 321 1979 librum
353 1915 461 2000 legere
492 1926 525 1980 et
554 1917 746 1980 examinare
775 1916 893 2000 coepit.
948 1914 1013 1979 Sed
1045 1923 1149 1977 morte

40 2021 227 2093 praeventus
266 2013 474 2079 definitivam
514 2006 711 2078 sententiam
750 2014 813 2077 ista
851 2014 885 2077 in
924 2013 1149 2076 controversia

40 2129 96 2171 non
119 2109 203 2174 tulit.

115 2305 166 2371 35.
215 2303 377 2369 Clementi
402 2307 561 2370 successit
584 2305 647 2370 Leo
670 2307 727 2385 XI,
760 2307 817 2392 qui
841 2315 971 2370 tantum
995 2327 1054 2390 per
1078 2305 1319 2369 dies0⁰¹¹tr⁰versia

38 2402 146 2486 viginti
178 2414 209 2467 et
243 2412 367 2488 septem
393 2404 513 2468 Sedem
537 2405 626 2468 Petri
656 2405 843 2488 occupavit.
893 2404 966 2484 Quo
992 2403 1148 2468 defuncto

38 2497 82 2562 die
107 2502 164 2564 16⁰
187 2502 268 2565 Maii
295 2501 380 2566 1605
405 2502 528 2566 electus
553 2514 602 2566 est
625 2504 659 2566 in
677 2501 872 2566 Pontificem
890 2499 1049 2565 Camillus
1074 2500 1149 2566 Car·

38 2595 146 2663 dinalis
169 2598 381 2685 Borghesius,
406 2602 462 2686 qui
487 2599 609 2664 Paulus
639 2600 670 2663 V
688 2610 825 2664 vocatus
849 2610 907 2664 est.
956 2597 1150 2663 Cardinales

1176 2372 1204 2410 de
1219 2371 1298 2419 grette.

37 2693 65 2757 in
81 2694 240 2761 Conclavi
259 2698 450 2782 ¹iuramento
475 2720 509 2762 se
533 2699 789 2777 adstrinxeraut,
815 2708 851 2762 ut
867 2699 1064 2784 quantocius
1080 2697 1149 2762 fieri
1258 2762 1261 2772 ,

35 2804 134 2877 posset
157 2797 418 2860 controversiam
443 2797 486 2860 ad
510 2796 610 2860 finem
635 2796 867 2881 perducerent,
892 2796 1041 2880 adeoque
1066 2795 1149 2859 Pau-

35 2888 77 2954 lus
101 2893 131 2955 V
163 2895 437 2977 congregationes
462 2915 541 2958 mox
566 2895 785 2960 continuavit.
820 2893 931 2974 Quum
957 2915 1035 2956 vero
1060 2914 1150 2957 eous·

36 3010 91 3073 que
114 2991 264 3055 Jesuitae
297 2991 508 3055 defensorum
533 3014 612 3054 suae
636 2992 819 3055 sententiae
842 3002 1017 3055 accusatae
1041 3000 1151 3076 partes

36 3089 180 3170 egissent,
212 3089 253 3151 iis
278 3087 356 3151 dein
381 3111 573 3152 concessum
600 3098 658 3170 est,
688 3098 724 3152 ut
752 3098 895 3173 systema
920 3087 1150 3173 praedetermi·
1175 3163 1177 3166 .

36 3188 171 3250 nationis
188 3184 347 3270 physicae
359 3187 429 3271 jam
448 3196 690 3272 oppugnarent,
714 3196 813 3272 atque
833 3195 913 3250 tuuc
930 3187 963 3249 in
981 3188 1151 3271 angustias

34 3292 152 3364 partem
178 3283 355 3347 adversam
370 3285 521 3368 redigere
538 3287 646 3347 conati
664 3294 750 3348 sunt.
783 3283 832 3348 Eo
849 3282 1019 3348 ardentius
1039 3294 1150 3348 autern

35 3380 63 3441 in
88 3391 154 3445 tota
178 3381 243 3444 hac
265 3381 354 3446 lucta
385 3404 405 3445 a
435 3381 598 3464 theologis
622 3383 793 3467 utriusque
823 3383 926 3466 partis
955 3379 1149 3445 dimicatum

35 3487 91 3556 est,
126 3479 220 3565 quod
246 3479 316 3543 zelo
347 3479 426 3544 fidei
459 3481 522 3564 ipsi
554 3479 733 3563 flagrarent
763 3489 796 3543 et
826 3477 951 3543 bonum
981 3478 1151 3562 religionis

34 3595 86 3638 suo
115 3586 292 3660 systemate
323 3578 511 3661 promoveri
546 3599 738 3662 persuasum
763 3577 934 3641 habereut.
981 3577 1150 3641 Postremo
1222 3629 1224 3632 Α

34 3670 152 3737 Paulus
168 3674 202 3736 V
227 3696 375 3755 cerneus,
401 3674 516 3739 ambas
540 3686 650 3760 partes
674 3677 706 3738 in
726 3675 857 3738 tuendis
873 3673 1084 3759 dogmatibus
1097 3675 1149 3762 ab

34 3768 179 3836 Ecclesia
204 3772 349 3836 definitis
372 3783 404 3836 et
428 3774 462 3836 iu
488 3773 691 3837 detestandis
715 3772 907 3837 haeresibus
932 3772 973 3836 ab
999 3795 1037 3836 ea
1062 3772 1150 3836 dam-

34 3870 114 3932 natis
138 3871 334 3952 consentire,
359 3869 487 3934 nullum
507 3870 675 3954 judicium
699 3869 740 3934 de
764 3870 914 3935 articulis
931 3873 1150 3935 controversis

34 3964 203 4033 ferendum
227 3970 370 4050 censuit3
407 3968 465 4033 sed
496 3968 550 4034 die
574 3969 634 4033 27⁰
658 3968 801 4054 Augusti
832 3992 861 4034 a.
889 3968 972 4033 1607
1006 3991 1075 4032 rem
1105 3970 1151 4032 ita

34 4067 229 4147 terminavit,
269 4076 306 4131 ut
336 4067 468 4152 utrique
499 4069 585 4152 parti
617 4089 710 4132 suam
742 4063 939 4131 senteutiam
971 4066 1151 4130 defendere

33 4158 168 4228 liberum
192 4174 286 4246 esset,
327 4173 445 4228 neutra
469 4187 547 4229 vere
572 4164 710 4229 alteram
736 4163 848 4250 aliqua
872 4186 1012 4228 censura
1035 4175 1150 4228 notare

34 4271 261 4341 praesumeret.
292 4263 483 4327 Vehemens
499 4275 611 4328 autem
635 4264 771 4348 agitatio
795 4262 965 4347 theologos
989 4284 1028 4326 ea
1043 4271 1151 4326 aetate
