2964 4912
300 457 356 510 360
560 459 631 516 XLI.
670 460 710 543 De
727 459 920 514 Declaratione
938 460 1010 515 Cleri
1028 461 1171 516 Gallicani.

301 603 336 664 in
361 604 493 686 negotio
517 602 670 686 regaliae,
695 626 772 669 eum
795 603 949 670 omnibus
973 605 1053 669 inde
1067 607 1198 687 secutis,
1225 616 1258 669 et
1280 628 1362 691 quae
1385 609 1416 670 in

300 709 469 784 posterum
486 704 640 766 attentari
656 704 841 786 contigerit,
858 725 963 789 eaque
978 713 1138 788 perpetuo
1155 705 1247 766 irrita
1264 713 1297 767 et
1311 705 1417 768 inania

300 797 525 880 declaramus3
562 802 717 885 quamvis
755 823 857 886 quum
890 802 956 864 sint
987 803 1061 886 ipsa
1092 824 1151 886 per
1184 825 1218 866 se
1252 803 1417 866 manifeste

300 895 410 977 nulla,
440 899 625 961 cassatione
648 908 706 962 aut
730 898 953 972 declaratione
976 898 1168 985 hujusmodi
1191 922 1258 965 non
1282 911 1418 984 egerent

300 990 490 1078 Speremus,
515 1016 575 1059 vos
599 1018 731 1082 quoque
755 998 858 1081 ipsos,
883 1019 918 1060 re
942 997 1060 1061 melius
1084 998 1302 1079 considerata,
1327 998 1419 1061 celeri

299 1094 532 1156 retractatione
556 1093 763 1158 consulturos
788 1096 1009 1158 conscientiae
1034 1105 1164 1159 vestrae
1187 1105 1219 1159 et
1242 1094 1332 1160 Cleri
1347 1095 1419 1160 Gal·

299 1186 401 1252 licani
425 1192 673 1273 existimationi,
698 1215 740 1256 ex
764 1215 829 1278 quo
848 1191 942 1257 Claro
967 1194 1065 1257 sicuti
1088 1193 1261 1280 hucusque
1285 1217 1351 1258 non
1373 1195 1420 1257 de·

301 1285 403 1368 fuere,
428 1289 475 1351 ita
498 1291 533 1352 in
557 1299 725 1374 posterum
749 1313 816 1354 non
842 1291 1013 1355 defuturos
1030 1291 1238 1372 confidimus,
1265 1293 1322 1376 qui
1346 1291 1419 1354 boni

300 1386 443 1468 pastoris
466 1386 618 1472 exemplo
649 1386 793 1452 libenter
821 1390 967 1452 animam
991 1412 1115 1474 ponere
1145 1390 1253 1475 parati
1278 1391 1345 1453 sint
1366 1411 1419 1473 prc

301 1481 421 1549 ovibus
445 1485 513 1548 suis
537 1494 570 1548 et
592 1507 651 1570 pro
675 1495 871 1550 testamento
896 1497 1027 1571 patrum
1051 1487 1249 1575 suorum.“¹)

391 1593 444 1659 51.
492 1594 638 1659 Tantum
664 1593 781 1676 abfuit,
807 1606 844 1658 ut
867 1594 1034 1680 praesules
1058 1597 1092 1658 in
1118 1594 1270 1660 Comitiis
1293 1615 1422 1678 congre-

300 1691 369 1773 gati
393 1689 456 1754 hoc
479 1691 667 1757 Innocentii
688 1693 740 1756 XI
763 1693 864 1756 Brevi
888 1701 1100 1756 moverentur
1122 1693 1164 1757 ad
1189 1692 1289 1756 aliam
1314 1694 1423 1755 ineun-

301 1787 378 1852 dam
403 1790 493 1853 viam
510 1789 748 1877 Pontificisque
773 1793 907 1855 monitis
931 1791 1238 1876 obtemperandum,
1265 1801 1301 1853 ut
1322 1789 1422 1872 indig-

300 1887 436 1950 natione
469 1888 504 1951 in
536 1890 645 1974 ipsum
680 1891 760 1952 moti
794 1891 829 1952 in
863 1891 988 1975 coeptis
1028 1891 1250 1974 persisterent.
1303 1888 1422 1952 Amara

300 1994 411 2047 mente
434 1987 624 2051 Innocentii
648 1986 821 2072 epistolam
845 1997 1052 2072 receperunt,
1078 2009 1116 2050 eo
1141 1987 1230 2072 quod
1254 1988 1369 2070 magni
1394 2007 1422 2047 se

300 2083 381 2167 quid
405 2081 522 2148 fecisse
538 2085 797 2166 arbitrabantur,
823 2107 926 2171 quum
950 2087 984 2148 in
1002 2087 1134 2169 negotio
1150 2085 1295 2168 regaliae
1313 2084 1422 2148 saltem

301 2180 430 2267 aliquas
454 2187 682 2248 concessiones
706 2208 725 2248 a
746 2185 920 2248 Ludovico
937 2184 1024 2248 XIV
1048 2184 1280 2249 obtinuissent.
1328 2183 1423 2246 Litte-

300 2301 354 2343 ras
378 2280 543 2345 dederunt
567 2283 609 2346 ad
634 2305 749 2347 omnes
766 2281 895 2347 Galliae
918 2282 1103 2367 praesules,
1128 2305 1148 2346 a
1167 2281 1330 2345 Bossueto
1355 2301 1422 2342 con-

300 2377 420 2460 fectas,
453 2379 574 2464 quibus
606 2390 720 2444 contra
743 2381 931 2445 Innocentii
962 2380 1252 2465 reprehensionem
1285 2379 1331 2443 ad
1355 2399 1422 2441 con-

301 2476 459 2540 scientiae
483 2501 562 2542 suae
578 2489 763 2563 provocant
778 2480 1014 2563 testimonium,
1040 2478 1174 2542 modum
1192 2477 1315 2561 agendi
1333 2497 1423 2540 suum

301 2574 475 2638 vindicare
500 2587 679 2659 conantur,
711 2588 744 2640 et
766 2577 875 2641 Breve
898 2575 981 2640 illud
1010 2599 1070 2662 per
1093 2598 1126 2640 se
1150 2576 1280 2640 nullum
1304 2585 1339 2638 et
1360 2575 1424 2637 irri-

301 2681 372 2735 tum
397 2694 466 2736 esse
496 2675 718 2758 contendunt,
752 2696 789 2738 eo
815 2674 904 2760 quod
928 2675 1050 2738 eximio
1075 2674 1154 2737 huic
1178 2672 1337 2737 Pontifici
1361 2672 1424 2757 plu-

301 2771 385 2833 rima
409 2769 494 2856 quae
519 2774 553 2836 in
577 2771 641 2836 hoc
664 2773 797 2856 negotio
822 2773 941 2835 summi
966 2780 1061 2835 erant
1079 2772 1238 2835 momenti
1264 2769 1423 2833 occultata

301 2867 465 2949 fuerint.²)
502 2869 673 2954 Responsa
689 2892 820 2956 quoque
845 2869 899 2932 die
915 2869 953 2932 6⁰
970 2870 1051 2932 Maii
1068 2867 1112 2932 ad
1127 2869 1364 2932 Innocentium
1381 2865 1424 2930 XI

301 2965 516 3030 confecerunt
540 2967 806 3048 vehementiora,
840 2967 961 3052 quibus
983 2967 1180 3031 Pontificem
1204 2976 1367 3030 accusant
1389 2965 1424 3028 de

303 3065 478 3129 discordiis
502 3067 634 3148 exortis,
660 3074 692 3129 et
715 3064 892 3151 postulant,
917 3076 954 3128 ut
977 3064 1148 3130 libertates
1164 3062 1339 3128 Ecclesiae
1355 3062 1423 3128 Gal-

300 3162 429 3227 licanae
454 3173 560 3228 sartae
584 3174 692 3228 tectae
715 3166 790 3230 sint.
839 3163 905 3228 Sed
929 3165 1000 3249 ipse
1024 3186 1084 3226 rex
1107 3164 1210 3227 satius
1234 3161 1370 3242 habuit,
1394 3176 1423 3223 nt

301 3262 384 3324 istae
408 3260 537 3325 litterae
562 3263 603 3327 ad
627 3264 861 3326 Innocentium
879 3261 931 3324 XI
955 3284 1021 3324 nen
1046 3263 1268 3325 mitterentur.
1318 3259 1424 3344 Signa·

301 3367 380 3421 runt
403 3359 571 3444 praesules
600 3362 725 3445 pariter
748 3369 863 3424 contra
885 3359 1058 3423 Pontificis
1082 3359 1190 3422 Breve
1221 3367 1336 3421 actum
1361 3379 1423 3443 pro-

301 3458 503 3540 testationis,
540 3480 624 3543 quae
656 3457 707 3522 his
736 3457 847 3521 verbis
878 3458 1014 3542 incipit:
1051 3457 1223 3538 ,Ecclesia
1255 3455 1421 3520 Gallicana

300 3555 370 3616 suis
394 3577 428 3618 se
452 3557 537 3638 regit
559 3555 706 3640 legibus,
737 3557 954 3642 propriasque
987 3555 1246 3618 consuetudines
1271 3553 1421 3618 inviolate

302 3653 455 3735 custodit,
481 3653 601 3738 quibus
611 3653 794 3742 ⁴Gra'llicani
818 3653 1009 3740 pontifices,
1035 3653 1175 3738 majores
1199 3653 1316 3729 nostri,
1340 3649 1418 3714 nulla

377 3912 397 3977 ¹)
416 3912 449 3969 V.
470 3911 580 3968 Collect.
600 3913 710 3966 Lacens.
730 3912 761 3968 Τ.
780 3912 803 3968 Ι.
823 3910 871 3964 col.
891 3911 952 3967 827.

376 4000 397 4068 2)
417 4002 492 4056 Haec
511 4001 626 4068 epistola
649 4017 744 4069 parum
763 4007 829 4055 nota
848 4000 903 4054 fuit
927 3999 1064 4067 usquead
1083 3998 1221 4052 saeculum
1239 4005 1370 4059 nostrum,
1393 4003 1414 4045 et

304 4080 413 4134 nonnisi
439 4082 468 4134 in
487 4080 682 4135 recentioribus
701 4081 865 4135 editionibus
891 4096 998 4148 operum
1018 4078 1145 4133 Bossueti
1169 4078 1315 4133 invenitur.
1349 4075 1413 4128 Com-

303 4161 432 4228 pendium
450 4161 508 4229 ejus
526 4161 642 4216 habetur
661 4178 703 4228 ap.
721 4161 853 4227 Bausset‚
872 4159 945 4214 Hist.
964 4160 997 4212 de
1015 4159 1130 4213 Bossnet
1148 4159 1179 4213 L.
1193 4159 1242 4215 VI.
1261 4175 1287 4216 n.
1306 4159 1342 4212 11.
1377 4153 1410 4206 ef.

301 4241 438 4294 Katholik
457 4240 534 4305 1866,
554 4242 587 4298 Π,
607 4258 632 4308 p.
652 4243 713 4296 288.
928 4264 930 4270 ν
