2964 4912
351 465 392 520 De
410 465 586 520 Pontificibus
605 464 706 520 saeculi
724 464 828 522 XVHI.
1101 467 1151 520 381

45 611 192 674 familiam
216 608 466 692 Habsburgiae,
502 631 587 695 quae
612 631 649 672 eo
673 619 821 693 tempore
852 617 923 671 tum
947 611 982 672 in
1006 608 1152 692 Austria,
1186 615 1301 716 (ῗῑῑῐζρῒ

45 718 106 771 tum
127 710 158 772 in
176 709 350 793 Hispania,
374 705 500 791 Belgio,
524 706 622 771 Italia
639 705 845 770 meridionali
863 728 973 769 rerum
990 729 1152 772 summam
1215 687 1299 718 um*

44 806 175 871 tenebat.
222 804 429 891 Simulatque
460 804 570 870 Gallia
604 804 664 868 sub
696 805 841 868 Henrico
866 804 915 868 IV
945 803 1151 889 splendorem

44 912 70 965 et
99 902 196 967 robur
228 905 456 988 recuperavit,
489 905 593 974 ‚etiam
625 901 867 965 recruduerunt
903 900 1089 966 discordiae
1122 913 1153 968 et

42 999 107 1064 lites
136 1003 303 1086 antiquae.
350 1000 643 1085 Oppugnationem
675 1001 792 1064 domus
814 1000 1011 1064 Aristriacae
1044 1010 1076 1064 et
1098 1025 1150 1088 po·

45 1100 156 1162 tentiae
180 1099 268 1184 ejus,
301 1097 430 1163 Galliae
454 1121 547 1184 reges
571 1121 749 1184 eorumque
773 1100 914 1162 ministri
940 1099 1062 1163 exinde
1084 1100 1152 1164 fere

42 1205 72 1258 ut
94 1200 260 1282 negotium
286 1219 381 1261 suum
406 1199 623 1282 praecipuum
640 1196 795 1278 habuere,
820 1195 873 1258 vel
895 1196 983 1281 quod
1004 1196 1046 1260 ad
1064 1219 1152 1261 secu-

41 1295 160 1358 ritatem
185 1295 317 1360 Galliae
342 1295 576 1359 stabiliendam
609 1304 641 1358 et
664 1294 812 1379 pericula
835 1295 1038 1358 removenda
1065 1295 1153 1360 hanc

41 1395 310 1476 oppugnationem
347 1395 569 1457 neeessariam
607 1415 677 1456 esse
709 1394 939 1477 opinarentur,
975 1393 1028 1456 vel
1064 1394 1152 1478 quod

40 1488 95 1552 hac
125 1493 252 1556 ratione
286 1491 546 1555 dominationem
571 1513 664 1554 suam
698 1489 876 1554 extendere
905 1489 1058 1560 vellent:
1084 1492 1153 1555 Ma-

40 1589 120 1652 xime
143 1611 221 1653 vero
247 1588 427 1653 dolendum
460 1590 539 1670 fuit,
576 1588 664 1674 quod
688 1590 751 1652 ista
776 1590 810 1651 in
834 1587 923 1651 lucta
947 1590 1044 1652 unice
1068 1587 1154 1652 utili-

39 1694 129 1749 tatem
152 1687 323 1773 politicam
356 1709 436 1772 prae
460 1686 563 1750 oculis
587 1685 764 1767 haberent,
796 1685 966 1768 religionis
990 1709 1068 1751 vero
1100 1687 1151 1752 de·

40 1786 183 1849 trimenta
214 1807 333 1870 parum
359 1776 530 1866 durarent,
567 1785 613 1850 ita
637 1794 674 1847 ut
697 1785 740 1848 ad
766 1784 1017 1869 deprimendam
1041 1794 1152 1870 poten-

39 1881 109 1944 tiam
131 1881 344 1956 Austriaoam
378 1905 445 1947 non
478 1892 671 1946 vererentur
705 1881 839 1945 foedera
872 1904 947 1946 cum
982 1883 1157 1965 guberniis

39 1977 202 2044 haereticis
228 1982 321 2064 inire,
347 1981 413 2044 imo
438 1981 536 2042 etiam
558 1979 743 2042 Turcarum
768 1978 925 2044 subsidiis
949 1983 1006 2045 uti.
1057 1982 1152 2046 Theo-

38 2078 120 2140 rete'ea
153 2078 290 2164 quidem
314 2100 382 2141 rem
416 2077 585 2163 politicam
621 2087 653 2140 et
676 2099 745 2140 rem
779 2075 965 2162 religiosam
1000 2101 1155 2164 separare

39 2175 206 2240 studebant
237 2198 276 2240 ac
308 2175 456 2258 fingere,
485 2175 655 2258 religionis
679 2174 863 2239 catholicae
893 2176 984 2240 nulla
1015 2199 1085 2240 esse
1117 2179 1154 2240 in

39 2271 99 2336 istis
128 2272 225 2338 bellis
257 2273 468 2352 discrimina,
499 2273 566 2336 imo
592 2294 665 2336 eam
689 2275 894 2358 promoveri3
927 2273 984 2337 sed
1009 2276 1158 2360 practice.

40 2361 155 2435 summa
179 2371 378 2435 detrimenta
402 2371 548 2434 societati
576 2368 758 2434 catholicae
786 2373 914 2435 exista
937 2371 1072 2456 politica
1095 2371 1152 2436 fal-

38 2463 91 2530 laci
114 2476 350 2553 provenerunt.
359 2471 380 2550 ¹)

115 2603 144 2668 6.
192 2602 336 2666 Romani
360 2602 538 2666 Pontifices
571 2625 629 2688 pro
661 2603 790 2667 viribus
823 2602 1000 2666 studebant
1034 2625 1152 2687 pacem

37 2699 112 2762 inter
134 2699 343 2764 adversarios
360 2703 439 2764 istos
455 2723 650 2765 conservare
674 2701 727 2764 vel
749 2703 930 2765 restituere.
972 2701 1026 2764 Ex
1041 2722 1151 2765 rerum

38 2797 217 2862 conditione
241 2807 352 2862 autern
369 2821 427 2884 per
442 2821 476 2862 se
492 2799 719 2882 proveniebat,
745 2801 829 2863 utin
845 2820 946 2862 unam
971 2797 1155 2862 alteramve

36 2903 152 2975 partem
168 2897 276 2980 magis
293 2896 501 2976 inclinarent,
519 2896 664 2981 indeque
681 2899 920 2981 protectionem
935 2898 1163 2981 praecipuam.

38 2988 257 3058 Catholicismi
290 3002 495 3078 quaererent.
545 2993 659 3080 Usque
683 2997 718 3058 in
750 2995 851 3058 finem
882 2994 1005 3058 saeculi
1029 2994 1150 3058 decimi

37 3092 121 3171 sexti,
146 3093 194 3154 uti
220 3091 379 3172 vidimus,
403 3091 529 3156 Romae
553 3093 721 3178 prevaluit
735 3091 918 3178 Hispaniae
942 3093 1088 3156 influxus
1112 3115 1154 3157 eo

36 3187 82 3249 vel
104 3191 220 3274 magis,
245 3190 334 3275 quod
358 3188 468 3255 Gallia
492 3189 587 3254 bellis
613 3191 769 3255 civilibus
791 3191 995 3272 turbaretur,
1021 3200 1053 3253 et
1074 3189 1150 3253 Phi-

35 3280 136 3369 lippus
151 3286 196 3370 ΙΙ,
222 3310 282 3351 rex
303 3287 496 3370 catholicus,
521 3291 720 3374 praecipuus
736 3289 778 3352 ab
796 3289 950 3353 omnibus
973 3288 1156 3352 haberetur

36 3378 178 3448 defensor
215 3385 394 3469 religionis.
454 3385 606 3450 Clemens
646 3385 731 3451 VIII
770 3387 906 3472 ejusque
944 3407 1155 3450 successores-

35 3474 150 3545 Paulus
165 3483 196 3546 V
222 3491 255 3545 et
275 3483 455 3567 Gregorius
472 3484 543 3547 XV
567 3485 710 3549 influxui
735 3484 904 3549 exclusivo
923 3485 1150 3569 Hispanorum

102 3754 123 3824 ¹)
142 3756 205 3810 Jam
233 3755 350 3810 diximus
368 3757 397 3812 in
416 3757 615 3812 Dissertatione
635 3759 667 3813 11
686 3760 704 3814 J
706 3760 870 3823 ansenismo‚
899 3763 1065 3824 quantopere
1083 3759 1154 3812 mul·

35 3835 116 3887 torum
143 3836 172 3890 in
200 3835 291 3889 Gallia
318 3843 423 3891 mentes
450 3837 500 3891 1111
527 3838 556 3892 in
583 3855 613 3893 re
641 3839 769 3894 turbatae
797 3839 909 3895 fuerint.
947 3839 987 3891 De
1012 3837 1151 3892 Cardinali

36 3910 168 3970 Richelieu
195 3915 290 3970 scribit
308 3917 413 3984 Rapin:
444 3918 484 3983 ,Il
503 3918 579 3973 avait
608 3919 753 3974 1111111111
782 3919 815 3973 de
833 3919 903 3973 Dieu
930 3934 998 3986 pour
1025 3917 1151 3972 humilier

35 3989 153 4060 l'orgueil
171 3995 204 4050 11
221 3995 250 4048 11
267 3996 370 4050 maison
390 3997 554 4064 d’Autriche,
578 3999 624 4064 qui
643 3998 780 4052 11111111111
798 4001 815 4052 1
833 3998 945 4052 devenir
963 3999 990 4052 11
1008 3998 1150 4052 maitresse

36 4069 67 4123 du
85 4075 177 4129 monde
195 4080 223 4130 11
241 4078 259 4128 a
277 4077 368 4130 elever
385 4092 433 4131 son
452 4079 553 4146 empire
571 4094 617 4132 sur
634 4079 673 4132 les
692 4078 780 4132 debris
799 4079 835 4132 du
854 4094 982 4146 royaume
1000 4078 1033 4132 11
1045 4080 1154 4132 11111111

36 4155 61 4201 11
78 4152 121 4206 111
145 4159 238 4210 autres
262 4157 428 4211 monarchias
453 4157 531 4212 1111
556 4157 730 4212 1111111111·
768 4157 890 4212 Histoire
918 4159 953 4212 du
971 4158 1154 4223 Jansenisme,

36 4229 117 4295 (Mem.
136 4235 167 4288 Τ.
185 4235 220 4306 Ι.)
240 4234 270 4291 L.
291 4235 324 4293 X.
343 4253 368 4304 p.
387 4238 450 4292 400.
