2964 4912
190 617 257 674 Aesis
272 635 297 676 in

177 696 312 736 Sorbonam.

334 492 388 547 330
593 489 665 546 XLI.
702 490 743 543 De
763 489 950 544 Declaratione
970 489 1041 544 Cleri
1059 489 1202 544 Gallicani.

423 635 524 698 Brevi
537 643 612 720 post
627 657 647 696 a
660 633 784 698 Senatu
801 644 833 696 et
845 655 864 696 a
877 635 967 717 regio
985 633 1147 697 advocato
1165 633 1271 701 Talon
1288 632 1438 698 Serbonae

335 755 440 796 novae
465 733 629 796 excitatae
653 741 729 796 sunt
754 731 966 795 difficultates
991 730 1033 796 ob
1057 731 1195 813 thesim,
1220 753 1288 817 qua
1312 731 1438 794 Lauren·

333 831 397 894 tius
421 831 463 894 de
477 830 610 894 Plantas
628 828 707 895 Ord.
725 827 805 895 Oist.
831 830 1025 894 defenderat
1045 829 1231 893 doctrinam
1248 827 1440 908 catholicam,

332 951 482 992 sommum
505 928 686 1011 Pontificem
717 929 752 990 ia
776 937 843 991 toto
866 927 1010 991 Ecclesia
1038 939 1068 991 et
1090 929 1125 991 in
1140 926 1220 1012 souo
1246 937 1312 990 tam
1333 927 1441 989 interno

332 1049 424 1110 qaum
448 1037 576 1090 externo
592 1025 827 1112 plenitudinem
844 1025 1082 1113 jurisdictionis
1104 1023 1252 1088 obtinere.
1295 1024 1442 1104 Quamvis

332 1146 409 1187 vero
434 1124 593 1207 syndicus
617 1122 822 1205 ostenderet,
852 1122 907 1186 vel
930 1124 1040 1208 ipsum
1064 1120 1247 1187 Gersonem
1272 1120 1359 1185 hanc
1381 1120 1442 1183 doc·

330 1223 451 1285 trinam
477 1223 631 1303 tenuisse,
657 1242 796 1306 eamque
821 1220 1019 1285 catholicam
1043 1242 1124 1302 esse,
1149 1219 1346 1283 Advocatus
1361 1240 1443 1302 gene·

331 1319 408 1383 ralis
441 1320 584 1382 rationes
620 1319 691 1404 ejus
720 1321 755 1382 vi
788 1341 828 1382 ac
861 1320 962 1384 minis
994 1319 1119 1403 rejecit.
1168 1315 1343 1402 „Capitale
1374 1338 1443 1395 esse,

331 1415 501 1500 arguebat,
526 1416 606 1481 talia
630 1415 818 1498 defendere,
843 1416 1076 1502 nefariumque
1100 1426 1215 1480 contra
1238 1416 1365 1499 regiam
1381 1436 1443 1476 auo·

330 1517 496 1578 toritatem
520 1514 667 1596 facinus3
693 1513 772 1578 hinc
788 1513 945 1577 videlicet
969 1523 1077 1578 ortum
1102 1513 1185 1577 illud
1209 1511 1444 1577 infallibilitatis

331 1611 521 1696 pontificiae
552 1620 743 1697 portentum
766 1611 971 1696 reipublicae
996 1613 1191 1694 exitiosum3
1223 1611 1364 1696 proinde
1387 1607 1444 1673 nul·

330 1708 395 1772 lam
427 1707 566 1772 nimiam
591 1731 661 1774 esse
685 1731 826 1794 poenam
858 1709 937 1773 huic
961 1712 1045 1794 pesti
1076 1709 1347 1795 opprimendae.“
1397 1708 1446 1770 His

331 1807 428 1870 dictis
458 1807 656 1892 postulavit,
691 1817 728 1871 ut
751 1805 892 1871 Senatus
917 1808 1111 1892 syndicum,
1147 1809 1203 1892 qui
1227 1805 1308 1870 talia
1339 1807 1444 1891 permi-

330 1907 433 1982 sisset,
458 1905 629 1969 functioue
654 1907 799 1969 muneris
816 1905 1038 1971 interdiceret.
1078 1906 1152 1969 Non
1169 1905 1289 1969 abnuit
1305 1904 1444 1978 Senatus,

331 2024 388 2087 spe
419 2003 604 2066 flectendas
634 2003 678 2067 ad
702 2024 798 2066 suum
830 2001 1005 2066 arbitrium
1029 2003 1222 2068 Facultatis.
1269 2003 1388 2088 Neque
1416 2023 1445 2063 ea

330 2123 405 2185 spes
428 2100 561 2182 fefellit3
598 2123 757 2186 suspensa
782 2099 871 2164 enim
902 2101 1034 2185 syndici
1058 2102 1255 2166 auctoritate
1284 2099 1445 2163 intermitti

329 2198 481 2283 publicas
512 2197 752 2282 disputationes
782 2207 953 2285 totumque
978 2199 1162 2263 studiorum
1193 2219 1329 2261 cursum
1358 2206 1443 2260 retar-

331 2296 402 2360 dari
427 2317 560 2360 necesse
584 2306 664 2360 erat.
711 2297 761 2360 Ut
784 2305 874 2360 tanto
899 2297 1109 2360 incommodo
1135 2297 1356 2376 mederentur,
1385 2295 1442 2358 doc·

330 2404 416 2458 tores
440 2394 576 2480 quidam
601 2394 729 2479 injussu
752 2404 874 2475 tamen,
900 2404 936 2457 ut
959 2395 1108 2477 videtur,
1133 2395 1236 2480 ipsius
1260 2392 1440 2469 Facultatis,

331 2513 407 2555 cum
439 2493 539 2575 regiis
572 2493 731 2555 ministris
764 2501 1020 2575 consenserunt,
1056 2502 1093 2556 ut
1126 2492 1387 2557 declarationem
1414 2489 1439 2552 de

332 2589 482 2653 doctrina
507 2588 675 2654 Serbonae
699 2588 877 2671 ederent.¹)
1135 2597 1141 2602 ”

420 2689 472 2752 21.
512 2687 701 2751 Declaratio
725 2687 809 2750 haec
834 2711 892 2752 sex
915 2687 1062 2751 articulis
1087 2689 1286 2766 continetur,
1312 2689 1371 2772 qui
1386 2706 1440 2770 pro·

328 2783 412 2848 lusio
443 2785 607 2870 quaedam
639 2794 716 2849 sunt
745 2787 936 2870 posterioris
960 2785 1203 2849 Declarationis
1237 2785 1329 2850 Cleri
1359 2783 1441 2848 Galli-

326 3042 424 3096 mnudo
444 3041 545 3096 addicti
572 3041 653 3096 facile
671 3041 738 3095 viris
758 3042 947 3096 ecclesiasticis
967 3041 1147 3096 eminentibus
1166 3041 1272 3096 motiva
1292 3040 1404 3110 egoismi
1419 3045 1440 3091 et

327 3122 481 3177 ambitionis
507 3121 671 3178 attribuunt.
711 3121 765 3178 Cir.
792 3138 817 3181 v.
837 3139 864 3190 g.
891 3122 1100 3191 descriptionem
1125 3122 1292 3176 characteris
1318 3117 1441 3176 Fenelouii

326 3217 406 3268 quum
425 3202 507 3256 habet
525 3202 722 3266 saint-Simon,
748 3217 881 3269 quamque
900 3203 1022 3257 invenies
1041 3202 1113 3270 apud
1131 3201 1251 3268 Loyson,
1271 3200 1442 3256 L’Assemblee

326 3282 358 3336 de
378 3281 456 3346 1682,
476 3282 523 3336 Ch.
545 3281 606 3339 VII,
626 3299 650 3349 p.
671 3282 733 3338 264.

402 3373 419 3438 ¹)
439 3371 542 3424 Auctor
572 3371 657 3424 libelli
687 3371 825 3439 incsripti:
861 3372 1003 3438 „Relation
1034 3372 1067 3424 de
1093 3387 1122 3426 ce
1147 3371 1194 3437 qui
1224 3369 1290 3424 s’est
1317 3374 1394 3438 passe
1415 3384 1440 3421 eu

325 3449 443 3504 Sorbone
469 3466 504 3504 au
532 3451 603 3518 qu'et
622 3451 654 3504 de
673 3449 921 3519 l’enregistrement
947 3451 980 3505 de
997 3451 1075 3505 l’edit
1094 3453 1130 3505 du
1157 3451 1210 3505 Roi
1237 3468 1286 3505 sur
1314 3452 1342 3506 la
1359 3450 1440 3506 Decla-

324 3531 415 3584 ratiou
433 3531 465 3584 de
484 3531 548 3588 ΜΜ,
568 3533 604 3585 du
624 3531 722 3599 Olerge
741 3532 773 3585 de
791 3532 921 3596 France“‚
948 3532 981 3586 dc
999 3531 1182 3585 declaratione
1205 3532 1273 3585 anui
1293 3535 1365 3588 1663
1381 3532 1441 3586 inter

325 3611 380 3664 alia
399 3610 507 3664 scribit:
529 3612 569 3677 „li
588 3615 630 3664 est
649 3611 709 3664 vrai
728 3609 806 3678 qu¹en
827 3611 895 3666 1663
915 3612 941 3665 le
962 3612 1013 3665 Rci
1033 3618 1118 3678 ayant
1137 3614 1181 3666 ete
1199 3612 1253 3664 mal
1272 3611 1387 3666 informe
1403 3610 1438 3662 des

324 3689 484 3744 sentimenta
509 3690 542 3744 de
566 3692 594 3745 la
613 3693 725 3745 Faculte
750 3708 797 3745 sur
815 3691 1015 3746 l’infaillibih'te
1040 3693 1076 3746 dn
1095 3692 1169 3758 Pape
1196 3699 1225 3746 et
1243 3708 1292 3746 sur
1310 3709 1359 3747 son
1377 3697 1440 3745 autu

324 3769 378 3824 rite
396 3775 460 3823 tant
477 3786 524 3824 sur
542 3771 568 3825 le
585 3772 717 3838 temporel
735 3772 781 3825 des
800 3772 854 3826 ruis
874 3787 925 3839 que
944 3788 991 3826 sur
1009 3773 1034 3826 le
1053 3772 1169 3836 Gonane,
1188 3771 1240 3826 l'on
1259 3773 1364 3840 deputa
1381 3768 1439 3837 quel·

324 3864 388 3915 ques
413 3851 537 3905 docteurs
561 3867 629 3918 pour
654 3851 784 3905 informer
808 3853 835 3906 la
860 3868 924 3906 cour
948 3852 996 3906 des
1015 3853 1162 3906 veritables
1181 3853 1345 3908 sentiments
1369 3853 1399 3906 de
1418 3849 1438 3900 lt

323 3929 437 3984 Faculte
454 3947 501 3984 sur
520 3947 563 3986 ces
582 3931 717 3998 mutieres,
740 3947 791 3998 que
811 3949 853 3987 ces
873 3933 999 3987 docteurs
1017 3933 1183 3988 reduiairent
1200 3934 1274 3988 leurs
1292 3932 1438 3987 sentimenta

323 4009 401 4062 asir
419 4011 600 4077 propositions
619 4010 696 4078 qu’iis
714 4012 846 4066 remirent
865 4018 942 4068 entre
963 4013 1001 4066 les
1020 4013 1108 4067 mains
1126 4013 1159 4068 de
1172 4015 1237 4069 ΜΜ.
1257 4014 1296 4068 les
1315 4013 1438 4068 ministres

323 4088 356 4142 de
374 4104 404 4142 sa
421 4090 551 4157 MaJeste;
578 4091 646 4144 mais
665 4091 685 4144 il
704 4098 746 4145 est
764 4092 826 4145 vrai
846 4092 918 4146 aussi
938 4091 1014 4159 qu'iIs
1038 4093 1077 4146 ies
1097 4093 1248 4148 donnerent
1275 4110 1337 4148 saus
1355 4091 1438 4160 queis

322 4167 435 4224 Faculte
453 4171 492 4224 les
511 4172 560 4224 eut
579 4171 731 4226 examinees
750 4171 779 4225 ni
799 4175 972 4239 approuvtes,
993 4177 1022 4226 et
1039 4189 1103 4227 sans
1116 4175 1201 4229 meme
1220 4173 1329 4241 qu'slles
1341 4179 1436 4228 cassem

322 4249 366 4302 etc
378 4248 458 4302 mises
472 4264 505 4302 en
518 4249 696 4304 deliberatius
709 4252 776 4305 dans
789 4267 893 4306 aucune
903 4253 1074 4308 assemblee.“
1089 4253 1202 4311 collect.
1210 4254 1307 4313 LacT.
1315 4256 1336 4312 1.
1350 4270 1373 4321 p.
1386 4251 1434 4306 81⁵.
