3288 4900
523 469 638 526 Concilii
657 469 782 537 periodus
801 469 926 522 sacranda.
1221 469 1271 539 111

164 599 250 697 (Aixl
274 627 374 700 atque
407 615 554 699 episcopi
586 613 816 678 Rhcdonensis
841 613 1001 694 (Rennes)
1033 623 1065 676 et
1088 612 1400 712 Agdensis3ssffl¹⁰¹¹¹m
1419 612 1443 650 1¹¹

1283 676 1374 726 ‚prodo
1393 683 1444 724 par-

164 725 379 798 vsnernntque
402 713 497 776 brevi
522 721 596 797 post
619 713 796 776 sessionem
822 713 983 796 quintam,
1025 711 1180 775 videlicet
1218 709 1272 774 die
1343 743 1385 778 as.

163 812 213 875 :²6⁰
233 811 328 876 Junii
361 835 391 875 a.
419 810 515 890 1646,
555 821 621 874 tres
645 809 801 875 Oratores
824 807 923 889 Galli,
959 807 1119 872 Claudius
1144 809 1271 886 d'Urfe,
1384 865 1390 870 .

163 909 298 972 Jacobus
322 909 363 973 de
386 909 546 992 Ligniere
571 917 603 970 at
626 908 742 972 Petrus
756 907 883 980 Dones,
909 908 1020 991 magni
1045 929 1159 970 omnes
1182 906 1272 992 apud

163 1006 262 1071 Gallos
286 1009 441 1088 nominis,
473 1017 543 1070 tum
569 1005 612 1069 ob
637 1027 775 1069 munera
799 1004 920 1090 quibus
944 1004 1178 1088 fungebantur,
1202 1017 1273 1069 tum

161 1103 195 1167 ob
217 1107 356 1170 virtutes
379 1105 501 1190 quibus
525 1128 564 1169 ea
587 1105 755 1189 promeriti
782 1113 886 1168 erant.
936 1102 1048 1184 Quum
1073 1125 1151 1167 vero
1177 1103 1274 1168 Caro·

160 1202 203 1265 lus
224 1204 254 1267 V
287 1215 427 1288 urgeret,
461 1214 497 1268 ut
521 1201 679 1287 neglectis
704 1202 915 1285 dogmatibus
941 1201 984 1266 ad
1008 1201 1204 1286 disciplinae
1228 1225 1274 1266 re-

160 1301 380 1366 format-ionem
413 1302 600 1366 Concilium
632 1299 792 1380 tenderet,
832 1298 988 1364 Oratores
1025 1300 1113 1382 regis
1146 1298 1275 1366 Galliae

161 1411 264 1464 contra
288 1399 497 1479 insistebant,
523 1399 709 1463 doctrinam
734 1397 932 1461 catholicam
958 1398 1120 1482 imprimis
1144 1398 1274 1462 firman·

160 1497 228 1560 dam
253 1520 333 1564 esse.
381 1499 525 1562 Decreta
549 1495 692 1560 Concilii
717 1497 751 1559 in
775 1493 887 1560 Gallia
917 1495 1003 1559 bene
1030 1505 1164 1581 recepta
1188 1507 1274 1575 sunt,

160 1598 201 1659 nti
231 1595 411 1659 Dandinus
441 1595 587 1659 Nuntius
618 1593 772 1658 Pontifici
808 1592 839 1657 d.
865 1593 896 1656 d.
931 1593 972 1655 14
995 1592 1092 1658 Febr.
1124 1616 1154 1657 a.
1189 1595 1273 1659 1647

160 1693 349 1775 mandabat3
374 1694 431 1758 sed
456 1691 554 1778 paulo
580 1701 653 1777 post
676 1699 866 1774 aegrotante
889 1711 967 1773 rege
990 1692 1154 1775 oppositio
1178 1714 1275 1777 quao-

160 1791 227 1854 dam
253 1803 369 1856 contra
389 1783 522 1856 decreta
538 1788 766 1874 disciplinaris
782 1811 816 1851 sc
833 1788 1068 1853 manifestavit.
1097 1787 1276 1854 Oriebatur

160 1889 267 1954 eadem
299 1913 342 1953 ex
366 1890 530 1975 episcopis
554 1890 588 1951 iu
612 1886 688 1952 aula
717 1888 809 1970 regia
833 1885 1040 1969 degentibus.
1088 1886 1275 1952 Concilium

160 1989 240 2052 enim
264 1987 354 2071 leges
379 1987 498 2052 tulerat
521 2008 654 2050 severas
671 1995 784 2048 contra
798 1983 1022 2069 pluralitatem
1037 1983 1274 2049 beneficiorum

159 2085 273 2169 quibus
297 2086 485 2150 animarum
509 2107 589 2148 cura
613 2091 848 2164 adnexuerat,
881 2092 913 2146 et
944 2090 1058 2146 contra
1090 2081 1275 2148 absentiam

92 2199 94 2216 ¹
160 2185 382 2269 episcoporum
406 2206 426 2247 a
451 2185 519 2246 suis
543 2181 710 2267 gregibus.
757 2181 915 2245 Jamvero
940 2181 1087 2266 episcopi
1111 2179 1159 2244 illi
1175 2181 1273 2246 aulici

159 2281 215 2344 sub
238 2281 302 2345 hoc
327 2280 453 2366 duplici
477 2291 628 2365 respectu
653 2282 699 2343 rei
725 2289 827 2361 erant,
853 2289 952 2363 atque
975 2278 1054 2342 hnic
1079 2278 1275 2363 disciplinae

158 2380 379 2444 reformationi
413 2402 447 2443 se
478 2378 641 2464 subjicere
677 2377 766 2441 haud
798 2388 892 2440 erant
923 2377 1071 2462 pa1·ati.¹)
1118 2377 1275 2442 Attamen

159 2480 252 2542 etiam
284 2488 358 2565 post
388 2477 638 2541 translationem
670 2474 812 2540 Concilii
844 2474 1030 2539 Bononiam
1062 2472 1167 2538 Gallis
1207 2499 1275 2561 per·

159 2585 281 2656 gratam
312 2575 415 2640 iidem
440 2574 575 2658 Synodo
601 2595 701 2660 qnam
726 2575 872 2636 maxime
907 2571 1074 2654 favebant,
1108 2596 1147 2638 ac
1172 2575 1278 2659 major

160 2694 310 2738 numerus
335 2675 565 2758 episcoporum
590 2670 720 2736 Galliae
743 2683 813 2734 tum
831 2670 1001 2735 Bononiae
1024 2670 1141 2752 adluit,
1167 2671 1276 2735 simul·

160 2793 219 2856 qne
243 2774 329 2857 regis
352 2771 491 2836 Henrici
516 2769 680 2836 Oratores.

244 2870 295 2934 66.
344 2869 456 2951 Quum
481 2893 500 2933 a
523 2869 614 2933 Julio
631 2868 682 2932 III
706 2869 909 2934 indiceretur
931 2868 1111 2952 resumptio
1137 2867 1276 2931 Concilii

159 2968 353 3049 Tridentini,
386 2969 479 3032 initio
505 2967 671 3030 Hauricus
694 2967 737 3048 ΙΙ,
772 2967 820 3029 nti
840 2966 912 3051 jam
936 2966 1116 3046 innuimus,
1142 2967 1276 3028 omnino

160 3067 334 3145 consensit,
367 3065 425 3129 sed
456 3064 551 3129 brevi
582 3063 624 3128 lis
655 3064 835 3140 vehemens
866 3073 980 3126 exorta
1011 3074 1060 3126 est
1087 3061 1277 3147 bellumque

160 3165 377 3246 perniciosum
418 3163 593 3227 occasione
632 3163 773 3226 ducatus
805 3163 1003 3227 Parmensis.
1051 3161 1150 3224 Anno
1191 3161 1277 3224 1512

161 3283 258 3345 quum
282 3261 454 3327 Gallorum
486 3261 667 3326 dominatio
700 3263 734 3325 in
758 3260 856 3324 Italia
885 3281 1000 3323 eversa
1031 3268 1125 3339 esset,
1157 3258 1277 3322 Parma

161 3370 192 3422 et
219 3359 387 3424 Placentia
418 3361 453 3423 in
487 3359 671 3424 dominium
703 3360 901 3422 transierant
931 3357 1027 3422 Sedis
1055 3355 1276 3441 Apostolicae.

162 3455 323 3522 Ducatum
347 3457 439 3522 hunc
463 3481 491 3522 a.
511 3458 595 3522 1547
620 3456 745 3521 Paulus
761 3456 813 3520 ΙΙΙ
837 3466 873 3520 ut
892 3448 1032 3520 ¹feudum
1058 3453 1194 3519 dederat
1210 3453 1276 3517 lilio

162 3575 216 3618 suo
238 3556 333 3619 Petro
357 3556 542 3636 Ludovico,
568 3577 632 3640 quo
657 3557 764 3619 occiso
789 3578 817 3620 a.
846 3555 929 3618 1647
955 3553 1158 3618 Placentiam
1183 3573 1277 3616 occu·

162 3663 316 3734 paverant
341 3653 382 3717 ob
407 3653 543 3738 Imperii
562 3654 641 3738 jura
664 3652 805 3737 allegata
830 3653 981 3716 Caesaris
1006 3653 1130 3736 copiae,
1156 3650 1277 3714 Parma

163 3770 236 3814 vero
259 3760 463 3816 remanserat
486 3750 627 3816 Octavio
652 3752 821 3816 Parnesio.
869 3749 1004 3831 Paulus,
1039 3749 1086 3812 uti
1119 3747 1275 3828 diximus,

164 3845 281 3914 ultimis
305 3849 528 3914 diebusvitae
552 3871 630 3913 snae
646 3851 680 3913 in
696 3850 845 3912 animum
862 3847 1049 3928 induxerat,
1074 3856 1111 3909 ut
1123 3847 1276 3910 Parmam

165 3944 348 4012 immediato
365 3947 527 4031 gubernio
546 3956 682 4031 regeret,
708 3956 740 4009 et
755 3946 896 4011 Octavio
920 3947 1145 4031 principatum
1162 3944 1277 4008 Came-

167 4251 190 4304 Η
215 4178 250 4309 ΕΙ)
268 4179 412 4312 ῗωὲεόιηοθ,
431 4179 510 4233 Essai
529 4179 622 4233 histor.
644 4193 690 4232 sur
709 4179 733 4232 le
747 4178 824 4232 Cone
844 4177 878 4230 de
896 4177 1005 4232 Trente.
1043 4177 1076 4233 V.
1096 4174 1277 4229 Rohrbacher.
