3034 4894
356 467 397 520 De
415 465 623 534 praeparatione
642 465 754 520 Consilii
773 465 934 520 Tridentini.
1176 465 1210 518 67

86 622 145 678 est.
192 610 292 674 Nulla
323 622 393 674 erat
423 611 486 674 illis
519 612 616 673 annis
656 609 796 674 Concilii
833 609 1022 675 celebrandi
1059 610 1209 675 facultas.
1220 612 1382 714 fissslfffiza·

86 709 154 773 Sed
178 709 356 773 concordia
389 711 473 772 inter
495 707 691 772 Pontificem
725 716 757 770 et
780 707 1016 792 Imperatorem
1048 710 1210 790 restituta,
1237 753 1239 757 -

89 830 165 872 mox
189 808 309 870 iterum
334 808 482 892 quaestio
507 806 548 869 de
566 803 714 869 Concilio
739 804 893 868 habendo
919 804 1069 869 discussa
1092 815 1150 871 est.
1168 844 1210 852 -

88 904 202 983 erum
226 928 256 968 a.
284 905 370 969 1530
393 906 567 968 occasione
596 913 779 966 conventus
804 903 992 986 Augustani
1018 902 1155 967 Carolus
1178 905 1212 965 V

85 1003 177 1087 apud
193 1003 390 1067 Pontificem
407 1023 464 1086 pro
482 1001 630 1066 Concilio
656 1001 870 1064 convocando
889 1003 1034 1083 instaret,
1061 1000 1214 1066 Clemens

87 1100 276 1185 respondit:
302 1099 479 1179 Quaesisse
503 1121 538 1162 se
562 1121 661 1184 supra
685 1121 723 1163 ea
748 1121 782 1162 re
804 1100 1001 1162 sententiam
1019 1122 1038 1162 a
1053 1099 1212 1185 peculiari

86 1200 350 1283 Purpuratorum
391 1207 500 1279 coetu3
541 1196 659 1260 multos
699 1198 866 1260 censuisse
899 1195 1085 1261 Concilium
1123 1196 1213 1260 haud

87 1297 309 1381 profuturum,
336 1297 483 1381 duasque
507 1297 716 1380 potissimum
741 1295 783 1358 ob
809 1316 935 1359 causas.
979 1296 1100 1378 Primo,
1125 1295 1214 1380 quod

85 1393 472 1458 oecumenica'Concilia
496 1394 570 1476 cogi
595 1402 839 1456 consueverunt
862 1393 904 1456 ad
923 1415 1026 1457 novas
1043 1395 1214 1479 opiniones

85 1492 338 1577 expendendas,
364 1513 430 1574 non
454 1511 532 1554 vero
553 1491 626 1575 jam
651 1490 859 1553 damnatasa
875 1489 1041 1575 prioribus
1057 1489 1215 1554 Conciliis

87 1591 210 1653 iterum
246 1589 435 1674 agitandas,
475 1587 589 1673 quales
624 1598 719 1650 erant
754 1589 935 1650 recentium
973 1588 1215 1652 haereticorum

86 1689 285 1754 sententiae.
340 1689 407 1751 Eas
438 1688 528 1749 enim
565 1694 645 1748 tunc
683 1687 715 1748 in
750 1685 1008 1770 disputationem
1046 1707 1213 1762 revocare,

87 1785 229 1870 perinde
255 1785 440 1863 videbatur,
472 1807 511 1848 ac
543 1784 763 1848 certissimam
786 1782 956 1847 Ecclesiae
986 1786 1215 1848 auctoritatem

88 1885 330 1968 perstringere:
355 1905 417 1946 nec
434 1903 529 1966 posse
554 1902 677 1944 novum
697 1879 885 1943 Concilium
910 1883 943 1944 in
961 1904 998 1944 eo
1016 1882 1090 1966 plus
1106 1891 1214 1945 ancto-

87 1983 198 2044 ritatis
232 1981 392 2061 obtinere,
430 2000 530 2065 quam
560 1987 708 2041 veterum
748 1977 956 2042 definitiones
994 1980 1214 2045 obtinuerant.

85 2078 257 2161 Secunde,
298 2078 421 2142 bellum
445 2077 626 2140 Turcicum
658 2075 747 2160 quod
785 2076 980 2141 imminebat
1020 2077 1215 2141 christianas

87 2179 243 2240 nationes
275 2197 470 2239 aversurum
501 2198 520 2237 a
552 2173 701 2237 Concilio
732 2174 973 2258 prosequende,
1009 2176 1098 2260 quod
1129 2185 1216 2239 certe

86 2275 219 2359 absque
242 2276 443 2358 gravissima
467 2271 715 2357 perturbatione
732 2271 869 2335 dissolvi
894 2296 959 2336 non
974 2283 1094 2358 posset.
1125 2273 1216 2352 Quin

87 2375 192 2436 etiarn
218 2393 278 2456 per
302 2393 373 2435 earn
399 2373 606 2436 occasionem
630 2371 664 2434 in
682 2392 784 2433 unum
810 2372 932 2434 coactis
955 2381 1003 2435 tot
1026 2371 1217 2435 hominibus

89 2469 275 2533 turbulenti
300 2480 332 2533 et
356 2470 560 2532 contumacis
576 2469 712 2552 ingenii,
737 2469 1010 2552 (supponebatur,
1035 2468 1217 2534 haereticos

88 2590 224 2653 quoque
250 2566 398 2631 Concilio
423 2568 595 2632 adfuturos
620 2568 711 2647 esse),
743 2566 928 2630 timendum
954 2589 1033 2650 esse,
1066 2590 1108 2631 ne
1132 2570 1218 2631 inter

89 2689 146 2730 eas
172 2665 375 2730 christianae
407 2667 514 2749 gentis
539 2665 716 2748 'angustias
740 2664 840 2727 iidem
874 2667 990 2750 iniqua
1015 2667 1217 2750 minimeque

89 2765 247 2828 decentia
262 2774 332 2827 tum
346 2787 365 2827 a
378 2765 521 2828 Caesare
534 2773 605 2825 tum
619 2785 638 2824 a
649 2762 806 2825 Pontifice
816 2762 977 2826 violenter
989 2772 1216 2847 exposcerent.

92 2863 229 2948 Adjecit
244 2873 356 2924 tamen
366 2861 531 2944 Pontifex,
550 2861 678 2923 cunctis
695 2859 786 2922 hisce
796 2860 980 2925 rationibus
992 2861 1216 2946 praevaluisse

92 2961 184 3047 apud
211 2983 245 3022 se
270 2959 421 3022 Caesaris
446 2959 654 3038 sententiam,
680 2959 737 3043 qui
762 2981 890 3022 summe
914 2959 1083 3042 religionis
1107 2960 1216 3022 studio

91 3079 292 3142 summaque
323 3057 500 3142 prudentia
532 3055 702 3140 praeditus
736 3078 808 3120 earn
841 3058 1048 3140 provinciam
1072 3056 1218 3120 habebat

91 3157 134 3220 ob
161 3153 286 3235 oculos,
312 3157 366 3218 eui
391 3155 559 3219 curandae
585 3154 777 3239 hujusmodi
802 3155 930 3219 nredela
955 3157 1216 3241 proponebatur3

92 3253 235 3340 proinde
260 3252 307 3316 illi
332 3254 512 3317 concedere
537 3262 573 3315 ut
597 3254 623 3315 si
649 3255 865 3337 opportunius
880 3255 1109 3337 existimasset,
1135 3255 1218 3317 Con·

90 3353 210 3416 cilium
235 3351 407 3416 Pontificis
438 3353 572 3415 nomine
602 3351 788 3435 sponderet.
837 3351 919 3416 Curii
952 3363 1062 3415 autem
1097 3351 1220 3415 Caesar

93 3451 127 3514 id
153 3449 217 3513 sub
243 3449 432 3513 conditione
456 3449 663 3535 postulasset,
695 3449 875 3513 dummodo
904 3451 1035 3513 interim
1060 3449 1217 3514 haeretici

91 3572 112 3610 a
137 3549 208 3612 suis
241 3548 357 3610 erratis
381 3569 414 3610 se
439 3547 650 3626 deducerent,
690 3547 905 3632 Concilioque
937 3546 1219 3632 obtemperaturos

94 3645 353 3731 pollicerentur:
398 3645 532 3730 petebat
576 3644 749 3724 Pontifex,
791 3655 826 3707 ut
861 3647 994 3709 omnino
1032 3647 1218 3730 propositae

92 3743 306 3807 conditiones
338 3754 557 3825 servarentur,
592 3745 662 3805 sine
687 3743 808 3826 quibus
832 3742 952 3828 ajebat,
986 3745 1217 3828 indignitatem

91 3865 134 3905 ac
160 3841 398 3904 detrimentum
423 3840 593 3906 Ecclesiae
618 3843 716 3904 vitari
741 3863 808 3904 non
832 3843 968 3925 posse.¹)

190 3941 241 4002 11.
288 3938 511 4004 Protestantes
545 3961 623 4002 vero
660 3938 848 4002 nullatenus
882 3939 928 4002 illi
963 3939 1143 4003 conditioni
1167 3962 1219 4003 aa·

93 4039 307 4123 quieverunt,
344 4048 380 4102 ut
414 4039 546 4102 interim
579 4059 598 4100 a
628 4038 695 4099 suis
719 4038 835 4100 erratis
868 4037 1082 4118 abstinerent,
1119 4047 1220 4128 atque

173 4253 194 4318 ¹)
215 4249 378 4304 Pallavieini
396 4249 467 4304 Hist.
488 4250 518 4302 L.
538 4251 589 4307 ΙΙΙ.
610 4249 637 4305 C.
657 4249 690 4304 V.
709 4265 736 4305 n.
756 4251 780 4302 2.
