3288 4900
484 476 599 531 Concilii
617 476 745 544 periodus
762 475 855 533 tertia.
1179 477 1230 532 153

130 619 218 682 culam
242 642 258 683 e
283 620 422 686 decretis
446 643 468 684 a
482 619 673 684 Omseentio
697 619 805 704 legato
830 620 988 685 formatis.
1038 621 1388 736 addebant,,¹¹¹213fuf¹⁵⁴³¹¹¹u⁸;⁸o

128 717 155 780 id
167 718 252 802 cujus
264 719 370 801 gratia
387 718 551 806 particula
565 718 789 802 omittebatur,
814 739 880 783 non
894 729 1103 804 compertum
1120 721 1230 782 minus
1274 697 1364 791 aaronis.
1389 709 1398 718 ¹

129 837 208 899 quarn
238 815 389 880 odiosum
422 837 493 879 esse
515 815 685 898 Patribus,
718 816 946 902 plurimaeque
978 818 1107 883 cunctis
1131 817 1230 881 offen·

129 915 218 993 sionis,
251 935 327 977 cum
352 935 395 978 ex
417 936 456 977 eo
480 913 590 999 palam
616 915 717 996 tieret,
751 937 865 978 eorum
889 937 959 980 esse
984 915 1168 995 consilium,
1194 925 1230 978 ut

129 1010 222 1094 procul
243 1010 424 1076 haberetur
447 1013 586 1097 quaevis
609 1012 791 1097 disputatio
816 1013 857 1076 de
874 1013 1045 1077 mansione
1069 1013 1230 1076 adversus

128 1109 216 1193 priora
238 1112 410 1193 promissa.
457 1111 629 1194 Negarunt
651 1111 835 1193 Praesides,
868 1133 903 1175 se
928 1111 1121 1197 praepedire
1146 1110 1231 1174 velle

129 1228 237 1269 omnem
269 1207 311 1270 de
342 1207 524 1272 residentia
558 1211 786 1294 episcoporum
821 1209 1096 1293 disputationem,
1132 1218 1232 1294 atque

131 1303 216 1367 abrasi
239 1303 328 1368 illiue
352 1307 449 1371 incisi
473 1308 636 1370 rationem
661 1327 734 1371 eam
758 1307 946 1390 generalem
978 1307 1110 1386 dedere,
1142 1305 1231 1392 quod

133 1413 221 1467 contra
243 1404 486 1468 haeretieorum
519 1425 644 1468 errores
668 1404 703 1468 id
727 1405 865 1469 definire
893 1404 984 1470 haud
1008 1406 1231 1470 necessarium

129 1503 216 1564 risum
240 1504 292 1584 sit,
318 1503 400 1587 quin
424 1511 537 1566 tamen
561 1511 674 1587 aperte
698 1524 759 1566 sua
783 1504 909 1567 motiva
932 1513 1163 1588 proponerent.

198 1600 269 1665 110.
316 1599 492 1665 Praesides
516 1622 633 1665 revera
656 1600 884 1664 formidabant
907 1601 1165 1686 disputationem
1190 1599 1231 1664 de

100 1749 101 1752 η
126 1698 314 1763 institutione
339 1699 581 1782 episcoporum,
606 1721 646 1762 ac
670 1700 816 1762 maxime
836 1698 1051 1783 Seripandus,
1078 1699 1232 1783 quamvis

126 1799 312 1861 mansionem
339 1797 425 1881 juris
449 1795 557 1860 divini
581 1819 652 1860 esse
676 1806 834 1876 censeret,
866 1796 1081 1860 vehementer
1104 1795 1231 1860 deside-

125 1895 202 1959 rabat
232 1894 400 1959 declinare
433 1896 659 1980 quaestionem
685 1895 726 1959 de
750 1895 956 1959 institutione
989 1897 1231 1980 episcoporum,

126 2013 154 2053 eo
174 1993 257 2077 quod
289 1991 331 2056 ad
355 1992 568 2078 perdifficiles
593 2003 626 2055 et
648 1991 851 2077 periculosas
876 1993 1118 2057 controversias
1141 1995 1232 2056 viam

125 2092 257 2172 aperiret.
312 2089 477 2169 Quamvis
511 2091 599 2154 enim
638 2090 778 2154 dubium
813 2112 886 2154 non·
915 2100 1014 2170 esset,
1050 2113 1070 2154 a
1101 2089 1232 2154 Christo

124 2187 250 2252 Domino
282 2187 450 2275 proficisci
476 2198 511 2252 ut
536 2189 767 2273 episcoporum
792 2187 872 2251 ordo
897 2197 982 2251 esset
1013 2189 1047 2251 in
1071 2187 1232 2270 Ecclesia,

125 2287 198 2348 etin
221 2289 294 2372 ipsa
321 2287 569 2350 consecratione
601 2286 765 2370 episcopis
797 2285 938 2350 conferri
967 2293 1161 2372 potestatem
1187 2307 1234 2349 or·

125 2381 205 2466 dinis,
229 2383 369 2449 nucleus
391 2393 504 2447 tamen
528 2385 730 2470 quaestionis
755 2393 826 2447 erat
848 2383 1009 2468 plurimis,
1033 2383 1117 2447 aude
1133 2385 1233 2470 juria·

126 2479 255 2546 dictionis
275 2491 421 2568 potestas
443 2482 617 2566 repetenda
633 2492 721 2546 arsat.
756 2481 854 2546 Hanc
878 2481 1033 2566 permulti
1049 2504 1068 2544 a
1084 2481 1234 2544 Romano

101 2577 267 2644 ¹Pontilice
301 2578 467 2664 proficisci
498 2579 667 2661 tenebant,
700 2579 756 2644 alii
781 2601 859 2643 vero
884 2579 1077 2643 immediate
1108 2599 1182 2641 eam
1214 2600 1234 2641 a

127 2673 238 2742 Christo
270 2680 307 2742 in
333 2679 579 2741 consecratione
611 2678 752 2742 conferri
787 2677 984 2752 censebant;
1016 2698 1089 2740 eam
1122 2685 1233 2738 tamen

127 2774 205 2858 plane
221 2776 405 2842 obnoxiam
421 2797 491 2838 esse
505 2775 656 2839 Romano
670 2775 825 2839 Pontifici
842 2777 903 2838 vix
919 2775 1056 2860 quidam
1072 2781 1233 2857 negasset.

128 2872 176 2936 sed
197 2875 231 2937 in
255 2873 321 2937 hac
345 2873 508 2936 sententia
532 2895 597 2936 non
622 2875 721 2957 pauci
747 2895 868 2956 magna
885 2871 1032 2957 pericula
1048 2893 1107 2957 pro
1124 2879 1233 2935 auoto-

131 2971 204 3036 ritate
237 2971 381 3038 Romani
415 2969 587 3034 Pontificia
627 2969 887 3056 conspiciebant,
927 2971 1121 3055 praesertim
1150 2969 1234 3054 juris

130 3073 259 3135 canonici
284 3071 394 3155 periti,
429 3071 554 3155 vixque
578 3068 682 3133 verba
706 3069 747 3133 de
772 3071 979 3134 institutione
1003 3070 1232 3160 episcoporum

127 3164 251 3232 inveniri
285 3189 381 3253 posse
411 3167 623 3252 videbantur,
662 3179 699 3230 ut
729 3189 826 3232 omne
859 3167 1043 3252 periculum
1075 3163 1234 3230 subdolae

126 3263 165 3326 vel
185 3266 287 3330 falsae
312 3267 593 3351 interpretationis
617 3266 812 3347 auferretur,
839 3276 871 3329 et
894 3276 1038 3352 potestas
1062 3263 1233 3327 Pontificis

125 3362 201 3428 salva
230 3372 326 3428 esset.
362 3401 405 3412 —
444 3364 601 3431 Attamen
633 3363 760 3450 aliquot
791 3363 945 3448 theologi,
976 3387 1016 3428 ac
1039 3361 1232 3448 praesertim

124 3456 279 3546 theologus
304 3461 440 3546 quidam
464 3462 709 3548 archiepiscopi
735 3462 964 3543 Granatenaia,
996 3470 1096 3546 capta
1118 3457 1161 3524 ab
1185 3482 1234 3522 ar-

125 3555 209 3622 ticulo
233 3562 373 3645 septimo
398 3563 656 3646 opportunitate,
680 3564 716 3624 in
740 3581 814 3624 eam
838 3561 1097 3624 controversiam
1122 3557 1163 3621 de
1186 3559 1233 3620 in·

125 3655 277 3722 stitutione
301 3660 543 3744 episcoporum,
576 3661 788 3744 irrepserunt,
822 3667 853 3722 et
881 3658 976 3722 brevi
1009 3657 1158 3741 quaestio
1192 3654 1233 3718 de

124 3753 286 3819 residentia
309 3758 548 3842 >episcoporum
580 3765 613 3820 et
644 3757 685 3821 de
717 3779 831 3821 eorum
855 3755 1063 3820 institutione
1087 3773 1233 3818 summos

125 3846 152 3910 in
173 3849 303 3935 Synodo
327 3853 457 3918 labores
482 3856 652 3920 excitavit.
793 3866 796 3871 '

202 3952 274 4015 111.
320 3952 383 4016 His
422 3975 500 4016 uero
541 3953 676 4033 diebus,
719 3951 876 4016 videlieet
907 3970 1020 4014 mense
1050 3948 1232 4013 Novembri

125 4062 148 4103 a.
162 4045 250 4127 1562,
275 4049 415 4113 advenit
427 4050 470 4114 ad
483 4049 656 4133 Synodum
676 4048 808 4116 Carolus
824 4047 1013 4114 Gardiaolia
1023 4048 1236 4130 Latiar—tepeo

126 4158 189 4204 cum
218 4147 467 4230 quatuordeeim
501 4149 665 4233 episeopis
700 4145 807 4212 Gallis
839 4156 871 4210 et
902 4144 1008 4210 tribus
1043 4144 1232 4209 abbatibus.

125 4235 196 4302 lude
218 4243 259 4306 ab
282 4244 338 4310 illo
369 4255 516 4332 tempore
546 4243 602 4310 hic
627 4243 814 4310 Cardinalis
846 4254 920 4330 post
943 4244 1086 4328 Legatos
1109 4245 1236 4328 primas
