3288 4900
477 457 527 510 142
791 454 948 512 XXXVIII.
960 478 961 481 ¹
975 455 1015 510 De
1032 452 1150 511 Concilio
1168 455 1336 511 Tridentino.

307 599 424 702 ‘mig
437 600 701 664 ‘¹⁰cacissimum1
719 598 948 683 adjumentum
980 599 1022 670 ad
1053 598 1246 685 collapsam¹
1265 598 1480 684 disciplinam
1511 620 1599 684 repa-

377 673 406 702 ω
426 672 447 701 ⁸'
474 695 623 774 randam,
648 698 694 759 ita
718 706 754 758 ut
770 696 924 763 Pontifex
947 696 1090 760 si-issan
1104 696 1266 783 rejiceret,
1290 696 1424 780 linguas
1439 696 1599 760 obtrecta-

400 873 403 877 Δ
472 803 580 857 torum
604 794 801 858 veliificaret
822 795 1088 873 vociferantium,
1117 794 1288 859 Ecclesiae
1310 795 1545 858 restituendae
1568 818 1599 858 ac

471 892 702 956 reformandae
731 889 840 977 ipsum
857 893 988 956 deesse.
1037 891 1160 959 Contra
1185 895 1315 957 verosi
1340 891 1598 957 declarationem

471 989 624 1075 eligebat,
650 1011 717 1054 non
741 989 830 1053 levia
847 990 881 1054 id
895 990 1056 1054 afferebat
1070 991 1293 1054 incommoda.
1333 989 1473 1054 Offensa
1490 992 1599 1054 fuisset

472 1109 548 1173 pars
565 1086 705 1152 Petrum
725 1109 790 1152 non
816 1088 1014 1166 modica‘et
1038 1107 1123 1174 quae
1148 1089 1211 1152 sibi
1235 1098 1457 1173 persuaserat,
1485 1090 1522 1152 in
1551 1111 1598 1152 sua

472 1186 667 1250 sustinenda
691 1188 854 1250 sententia
880 1209 914 1249 se
938 1187 1099 1251 Pontifici
1115 1189 1223 1272 magis
1247 1187 1378 1261 favere;
1415 1208 1526 1272 quare
1552 1188 1597 1250 ubi

427 1276 431 1283 f
471 1305 507 1347 se
531 1284 653 1347 vietam
680 1285 786 1369 ipsius
808 1283 982 1348 ¹voluntate
995 1284 1299 1364 animadvertisset,
1324 1283 1424 1347 facile
1441 1287 1598 1368 potuisset

471 1383 575 1446 animi
611 1383 865 1467 propensionem
890 1384 923 1444 in
948 1381 1184 1446 alienationem
1209 1381 1507 1464 indignabundam
1535 1405 1598 1446 con·

472 1490 611 1545 vertere.
658 1480 728 1553 Nec
752 1481 824 1543 sine
848 1481 974 1554 motivo
998 1476 1196 1562 gravissimo
1221 1490 1269 1544 tot
1291 1480 1450 1544 Patribus
1477 1492 1597 1545 contra-

470 1576 661 1641 dicentibus
684 1576 767 1640 haec
792 1577 944 1641 doctrina
967 1590 1004 1642 ut
1028 1578 1149 1662 dogma
1165 1577 1243 1641 fidei
1260 1579 1500 1642 constituenda
1519 1580 1597 1643 vide·
1641 1657 1642 1665 ἵ

469 1674 578 1755 batur,
604 1693 642 1739 eo
667 1675 721 1739 vel
744 1677 864 1758 minus,
895 1675 982 1761 quod
1009 1685 1317 1760 compertumerat,
1350 1677 1508 1740 sinistras
1533 1699 1592 1740 con·

468 1775 658 1836 secutiones
682 1796 701 1836 a
726 1773 840 1836 multis
861 1783 951 1837 strae
974 1773 1054 1837 oilie
1079 1770 1424 1859 ingeniis‘temquam‘
1444 1775 1593 1861 liquidas,

469 1874 532 1934 etsi
556 1871 653 1953 falso,
686 1893 726 1934 ex
751 1871 1014 1954 eadem‘colligi.
1060 1869 1212 1936 Tandem
1237 1891 1302 1957 per
1320 1874 1595 1937 interventionem
1639 1891 1641 1933 ρ

469 1991 565 2033 suam
590 1970 746 2035 Pontifex
762 1967 931 2053 'jacturam
955 1970 1088 2033 fecisset
1111 1970 1340 2051 emolumenti,
1372 1971 1467 2054 quod
1501 1974 1540 2035 in
1568 1993 1596 2033 eo

469 2068 571 2130 situm
604 2076 683 2148 erat,
715 2076 752 2130 ut
780 2076 954 2153 postquam
980 2065 1170 2132 Concilium
1192 2080 1450 2150 convocaverat,
1488 2069 1597 2154 litigiis

468 2164 597 2239 exortis
618 2166 848 2228 auctoritatem
872 2185 966 2230 suam
981 2187 1058 2230 ‘non
1083 2166 1294 2250 interjiceret.
1312 2200 1354 2215 a*
1372 2166 1521 2250 Legatis·
1533 2190 1596 2231 suc·
1641 2161 1643 2167 ’

469 2262 655 2328 censebant
684 2262 779 2327 multi
812 2284 859 2325 en¹
886 2272 1027 2348 utraque
1060 2274 1165 2348 parte,
1195 2260 1459 2349 quodmodum¹
1480 2266 1596 2350 agendi

468 2382 584 2426 eorum
609 2361 672 2429 hac
696 2363 730 2425 in
754 2361 799 2443 rc,
825 2383 889 2447 quo
913 2362 1038 2426 fictum
1058 2363 1171 2425 'fuerat
1194 2373 1230 2425 ut
1253 2359 1596 2447 quaestio'nectdecli·
1639 2381 1642 2428 1

471 2471 607 2524 naretur
622 2481 686 2523 nee
698 2457 904 2539 definiretur,
929 2458 1172 2545 imprudentem
1188 2459 1361 2540 dicebant3
1375 2473 1487 2524 'erant
1502 2465 1597 2525 etiam
1642 2453 1643 2460 ¹

467 2561 528 2644 qui
560 2579 659 2642 aegre
688 2557 850 2639 ferebant,
891 2558 981 2643 quod
1011 2561 1187 2641 negotium
1214 2557 1296 2623 illud
1318 2558 1370 2621 ad
1402 2559 1598 2623 Pontificem

468 2657 619 2720 delatum
647 2654 741 2721 esset.
790 2656 966 2728 Silentium
998 2658 1134 2742 quidem
1167 2657 1220 2720 de¹
1240 2654 1429 2740 litigatione
1462 2661 1527 2722 ista
1558 2660 1598 2720 in·

469 2755 598 2819 dietum
622 2758 739 2835 iuerat,
764 2754 881 2817 sedin
905 2755 1004 2818 rebus
1027 2776 1170 2838 magnae
1192 2755 1365 2818 :bominum
1392 2755 1597 2840 frequentiae

472 2855 567 2933 notis,
594 2847 692 2916 nimis
715 2853 857 2916 arduum
882 2862 931 2916 est
954 2871 1129 2946 arcanum,
1157 2853 1325 2938 siquidem
1351 2871 1539 2937 paucorum
1561 2853 1596 2914 ie-

471 2953 566 3014 vitas*
589 2972 648 3014 seu
680 2951 882 3036 perturbatio
907 2951 1052 3036 prudens
1088 2948 1264 3015 mutuum
1288 2950 1459 3014 silentium
1486 2951 1595 3014 inutile

469 3049 589 3113 reddit.
638 3050 748 3134 Atque
773 3051 819 3112 ita
843 3058 923 3112 tunc
946 3070 998 3112 res
1022 3050 1154 3114 accidit.
1203 3049 1304 3114 Brevi
1336 3061 1482 3112 cunctam
1506 3070 1594 3113 aures

468 3169 511 3210 ac
528 3146 613 3210 dein
638 3169 694 3210 ora
717 3147 989 3210 Tridentinorum
1021 3169 1061 3211 eo
1088 3146 1260 3210 turbarum
1274 3168 1275 3179 ¹
1290 3146 1420 3230 fragore
1445 3159 1526 3211 sunt
1549 3169 1594 3230 op·

471 3245 579 3330 pleta3
603 3256 637 3308 et
660 3267 783 3330 paucos
808 3247 895 3310 intra
919 3244 990 3308 dies
1018 3255 1099 3330 quot
1113 3245 1182 3308 fere
1196 3244 1325 3309 litterae
1340 3243 1420 3306 inde
1432 3246 1592 3328 profectae

470 3352 557 3427 sunt,
587 3352 634 3406 tot
657 3343 766 3406 famae
790 3344 924 3426 linguae
948 3364 1182 3427 concrepuere,
1216 3342 1338 3426 quibus
1369 3363 1488 3406 omnes
1513 3343 1588 3405 orbis

467 3441 642 3505 christiani
668 3443 858 3525 provincias
889 3461 1010 3524 magna
1035 3461 1110 3503 cum
1130 3441 1182 3502 rei
1206 3440 1467 3523 exaggeratione
1489 3460 1591 3503 rumor

472 3541 628 3624 pervasit.
1123 3558 1125 3570 ·

560 3638 613 3703 97.
660 3639 765 3701 Roma
788 3640 914 3701 interea
937 3637 1072 3720 Lagaris
1089 3638 1292 3721 rescriptum
1314 3636 1388 3714 fuit,
1420 3658 1494 3699 eam
1528 3655 1591 3697 esse

473 3748 618 3798 mentem
642 3735 825 3819 Pontificio,
848 3745 885 3797 ut
909 3733 1043 3818 quando
1067 3734 1181 3797 Patres
1206 3733 1246 3797 de
1271 3733 1325 3797 illo
1343 3733 1490 3796 articulo
1513 3732 1590 3795 adeo

469 3832 679 3897 dissidebant
702 3843 734 3896 et
758 3832 1014 3912 contendebant,
1048 3837 1191 3916 cumque
1225 3833 1261 3894 in
1296 3831 1496 3915 quibusdam
1520 3850 1590 3892 con·

468 3931 676 4014 opinarentur
706 3931 832 3994 indicia
865 3929 1081 4009 moliminum,
1109 3928 1236 4014 ¹quibus
1265 3949 1427 4014 peream
1453 3927 1588 3992 declara·

468 4031 595 4092 tionem
628 4029 831 4095 deducerent
861 4029 1110 4104 consecutiones
1136 4026 1346 4111 Apostolicae
1380 4026 1458 4091 Sedi
1489 4025 1589 4110 perni-

472 4145 587 4203 ciosas,
613 4127 747 4190 daretur
768 4149 877 4213 opera,
903 4134 1064 4210 quantum
1088 4145 1147 4208 per
1161 4125 1276 4194 modos
1292 4126 1440 4189 mitiores
1455 4121 1588 4207 Synodi-

468 4244 536 4307 que
560 4222 746 4289 libertatem
770 4226 892 4308 liceret,
926 4231 964 4286 ut
987 4224 1135 4308 quaestio
1159 4221 1216 4287 iila
1240 4222 1293 4286 vel
1317 4224 1452 4288 omnino
1474 4220 1586 4303 sopire-
