3336 4908
325 417 366 471 De
383 416 548 472 Janssnismi
566 418 673 487 origine
691 420 720 472 et
737 433 889 487 progressu.
1114 418 1166 472 247

60 583 120 641 sua,
159 569 195 624 ut
226 583 281 625 eas
312 561 476 625 excoleret
506 571 540 624 et
568 561 763 625 vindicaret.
817 559 1021 646 spectabant
1055 562 1280 666 autemverggfss
1301 566 1335 603 in·

59 679 173 721 errores
205 659 319 743 ipsius,
352 660 401 722 uti
429 659 501 744 jam
533 659 689 738 diximus,
725 660 903 724 doctrinan
926 659 965 722 de
986 659 1104 743 pretia
1135 666 1168 721 et
1260 638 1290 667 ⁰⁸‘
1474 735 1475 740 γ

58 753 254 840 disciplinam
285 753 461 838 Ecclesim3
492 759 663 843 antiquam
692 758 902 821 severitatem
939 765 972 820 et
1010 758 1166 841 pietatem
1600 756 1624 833 ,ξ

58 873 161 916 veram
196 853 449 918 restaurandam
485 877 556 918 esse
585 855 742 935 dictabat,
782 863 815 918 et
852 876 977 918 meram
1001 853 1166 916 fictionem
1468 871 1474 880 '

57 972 118 1015 esse
149 951 307 1016 censebat
335 953 492 1037 pietatem
525 975 610 1038 quae
639 954 822 1016 universim
852 952 943 1036 apud
974 951 1093 1036 probas
1118 951 1168 1013 sui

56 1050 206 1132 temporis
244 1069 401 1135 personas
436 1050 612 1115 colebatur,
660 1050 701 1114 Id
729 1059 840 1114 autem
864 1052 1019 1131 maxime,
1060 1059 1096 1112 ut
1128 1047 1170 1112 de

57 1145 207 1231 Vergerio
219 1147 386 1232 judicium
403 1149 536 1229 feratur,
561 1149 802 1213 advertendum
819 1158 876 1230 est,
901 1150 1010 1232 ipsum
1027 1147 1169 1233 superba

56 1255 156 1308 mente
181 1247 348 1310 censuisse
371 1268 403 1309 se
426 1245 597 1325 illustrari,
626 1247 709 1324 dcci,
737 1248 854 1310 moveri
876 1246 1047 1310 identidem
1069 1247 1168 1331 inspi-

55 1343 170 1406 ratione
195 1343 324 1424 diuinn;
353 1353 453 1429 atque
476 1344 638 1428 ejusmodi
664 1344 808 1408 motibus
831 1343 1047 1429 phantasticis
1071 1346 1104 1408 in
1130 1345 1169 1407 iis

55 1461 131 1523 quae
161 1441 286 1525 agebat
319 1464 358 1505 ae
390 1441 524 1505 dicebat
558 1441 772 1526 dirigebatur.
823 1441 915 1505 Nihil
946 1450 1033 1505 certe
1063 1443 1169 1526 magis

56 1538 270 1620 periculosum
294 1549 373 1622 erat,
398 1562 498 1625 quam
522 1541 656 1624 spiritus
679 1542 740 1603 iste
763 1540 956 1625 privatusl)

136 1637 190 1703 35.
240 1637 374 1701 Etenim
404 1638 551 1723 profecto
585 1647 622 1700 ut
651 1637 823 1722 theologus
854 1637 1038 1702 catholicus
1069 1639 1170 1702 evitet

56 1754 182 1816 errores,
215 1734 315 1820 plane
339 1738 562 1800 necessarium
587 1745 644 1817 est,
678 1736 807 1800 firmam
842 1737 1089 1820 persuasionem
1115 1736 1170 1799 ha-

57 1828 125 1894 beat
147 1832 190 1896 de
205 1836 401 1897 auctoritate
426 1834 601 1897 doctrinali
615 1832 803 1914 Ecclesiae;
836 1834 1023 1918 summique
1047 1835 1171 1917 pariter

57 1938 99 1990 est
117 1933 287 2012 momenti,
319 1942 355 1994 ut
386 1941 578 1995 revereatur
623 1941 808 2012 veneretur,
845 1931 962 2015 diligat
985 1930 1169 1995 Ecclesiam

57 2026 186 2112 ejusque
211 2031 458 2111 auctoritatem3
484 2028 680 2111 Ecclesiam,
705 2031 852 2114 inquam,
878 2031 911 2092 in
929 2040 1079 2107 concreto,
1104 2052 1171 2093 non

57 2144 126 2188 vero
137 2125 326 2193 Ecclesiam
343 2127 522 2212 quamdam
540 2127 750 2206 abstractam,
776 2148 876 2212 quam
889 2127 953 2191 sibi
966 2128 1062 2211 fingit
1072 2127 1171 2212 juxta

57 2220 170 2304 placita
199 2233 234 2287 ct
257 2227 385 2288 somnia
408 2246 478 2289 sua.
523 2225 682 2289 Jamvero
708 2224 885 2308 Vergerius
909 2247 982 2289 eam
1007 2225 1172 2289 obstinata

57 2328 158 2383 mente
182 2322 319 2386 tenebat
341 2323 598 2406 persuasionem,
624 2345 665 2386 ex
690 2321 840 2408 pluribus
864 2323 1004 2387 saeculis
1022 2324 1094 2409 jam
1119 2323 1170 2386 de·

58 2419 233 2484 viaticnem
258 2422 398 2483 existere
422 2423 455 2483 in
480 2420 632 2485 Ecclesia
655 2444 675 2484 a
699 2443 779 2484 vera
803 2420 963 2502 doctrina,
995 2424 1116 2507 pietate
1140 2431 1173 2484 et

59 2515 240 2602 disciplina,
271 2528 304 2581 et
334 2519 564 2602 indignatione
595 2528 628 2582 et
659 2528 851 2604 contemptu
874 2519 1018 2604 repletus
1044 2530 1113 2583 erat
1137 2520 1169 2582 in

57 2612 222 2681 Ecclesiae
250 2614 431 2700 theologos,
464 2615 617 2698 Ordines,
650 2616 834 2682 Praesules.
882 2618 954 2687 [mo
986 2616 1172 2680 sacerdotes

58 2720 85 2774 et
100 2715 279 2798 >episcopos
303 2725 439 2799 peccato
460 2717 554 2800 gravi
580 2714 710 2801 (saltem
728 2726 841 2779 contra
859 2716 1054 2794 castitatem)
1068 2737 1171 2793 suam

58 2808 249 2895 dignitatem
273 2812 424 2879 amittere
441 2812 649 2897 opinabatur.
674 2812 889 2875 Manifestum
906 2821 964 2893 est,
989 2834 1065 2878 cum
1090 2815 1171 2898 ejus·

58 2909 139 2972 modi
156 2932 256 2975 sensu
274 2931 427 2990 perverso
442 2933 503 2974 nec
515 2910 644 2979 firmam
661 2912 910 2995 persuasionem
925 2909 965 2973 de
978 2912 1172 2976 auctoritate

57 3005 228 3073 doctrinali
251 3007 430 3088 Ecclesiae,
461 3018 493 3072 et
516 3011 737 3076 reverentiam
761 3019 861 3093 atque
883 3029 1029 3071 amorem
1053 3008 1088 3078 in
1112 3007 1173 3079 Ec·

58 3103 186 3175 alesiam
202 3105 324 3176 realem
342 3108 519 3173 consistere
535 3108 689 3191 potuisse.
718 3107 808 3171 Dum
826 3129 903 3174 vero
921 3105 1018 3170 simul
1033 3115 1124 3169 motu
1142 3114 1174 3168 et

59 3239 259 3250 ··-——-—-—.-

124 3319 146 3385 ¹)
166 3319 208 3373 De
226 3318 276 3371 hac
294 3318 420 3386 omnisne
438 3317 565 3389 Vergcrii
588 3316 753 3371 conveniunt
778 3322 837 3371 tum
864 3318 1013 3373 adversarii
1038 3318 1096 3387 eJus
1115 3325 1173 3373 tum

58 3396 182 3466 fautores,
201 3405 284 3466 atque
302 3400 374 3467 apud
387 3399 585 3456 SainteBeuve
604 3398 770 3464 (PortRoya
788 3398 818 3452 Τ.
831 3396 866 3468 Ι.)
886 3414 918 3453 ea
936 3398 1121 3463 inveniuntur,
1141 3413 1174 3452 ex

59 3480 147 3544 quibus
166 3484 251 3548 patet,
270 3480 340 3533 tales
353 3479 550 3533 illustrationes
561 3477 721 3546 Vergerium
738 3477 789 3531 sibi
804 3477 930 3533 tribuisse
948 3484 977 3532 et
989 3479 1104 3533 asseclas
1117 3478 1174 3548 ejus

59 3556 105 3623 ipsi
123 3575 168 3614 eas
187 3558 369 3626 adscripsisse.
385 3590 416 3597 -
437 3557 589 3613 cardinalis
615 3550 755 3612 Riehelieu
774 3573 856 3623 quum
873 3559 902 3611 in
921 3574 952 3612 eo
971 3564 1042 3611 esset
1060 3563 1092 3612 ut
1111 3559 1175 3612 San·

60 3651 182 3702 cyranum
202 3638 340 3692 custodiae
358 3639 508 3699 mandaret,
528 3637 599 3692 dixit
618 3639 652 3692 ad
670 3638 699 3691 P.
719 3637 827 3705 Joseph,
851 3643 944 3692 notum
964 3638 1129 3705 capucinnm
1147 3642 1176 3692 et

60 3716 179 3773 abbatem
197 3719 230 3772 de
243 3718 376 3773 Prierres:
403 3718 452 3785 ,Je
471 3734 537 3772 vous
556 3719 626 3772 dirai
645 3733 674 3772 ce
692 3733 744 3783 que
759 3716 813 3786 j’en
832 3734 921 3785 pense.
958 3719 982 3771 Il
1001 3722 1043 3771 est
1060 3718 1175 3784 Basque,

60 3797 125 3852 ainsi
149 3799 168 3853 il
194 3815 211 3857 a
238 3798 277 3859 les
296 3799 435 3856 entrailles
455 3799 570 3855 chaudes
595 3804 623 3853 et
645 3798 772 3852 ardentes
797 3813 846 3864 par
869 3803 1077 3866 temperament3
1103 3802 1176 3851 cette

61 3879 150 3934 urdeur
169 3881 305 3935 excessive
332 3879 504 3935 delle-meme
531 3879 570 3933 lui
598 3879 650 3933 fait
668 3880 715 3933 des
734 3894 849 3946 vapeurs
868 3880 934 3938 dont
951 3894 979 3932 se
998 3877 1115 3931 forment
1133 3892 1176 3931 ses

62 3955 249 4027 imaginatione
268 3961 475 4027 melancoliques
494 3966 522 4014 ct
541 3975 582 4014 ses
602 3959 718 4014 reverias
737 3974 849 4023 creusae,
878 3957 941 4024 qu'il
959 3958 1074 4028 regards
1099 3959 1175 4024 apres

64 4051 123 4092 avec
140 4041 186 4094 des
205 4039 346 4095 reflexions
365 4040 398 4093 de
416 4039 563 4107 speculatif
585 4054 685 4093 comme
710 4040 756 4093 des
784 4038 909 4092 lumieres
937 4037 1074 4104 inspirees,
1103 4044 1132 4090 et
1156 4036 1176 4090 il

63 4114 110 4170 fait
127 4120 158 4173 de
177 4135 219 4173 ces
237 4119 394 4174 reverias-la
412 4119 458 4173 des
478 4119 579 4173 eracles
598 4123 626 4173 et
644 4119 690 4172 des
710 4120 866 4185 mystsres.“
905 4117 1012 4184 (Remu,
1032 4117 1053 4172 I.
1073 4115 1104 4170 L.
1115 4115 1175 4172 VII.
