3336 4908
390 432 429 485 De
446 431 576 486 Romanis
592 431 778 487 Pontificibus.
1101 433 1154 487 193

49 574 125 638 illam
155 573 273 665 Sedem
304 574 422 638 divina
457 575 620 638 electione
645 574 867 655 obtinuerunt,
896 587 1077 661 percurrat,
1111 599 1154 640 ex

49 674 139 757 iisque
173 675 314 759 optimos
348 681 381 736 et
413 674 475 736 isto
515 672 726 757 dignissimos
765 673 888 737 honore
926 673 1154 761 dignitateque

49 771 141 854 eligat,
172 770 290 834 horum
316 768 437 833 deinde
461 769 636 856 qualitates
660 773 846 835 animorum
871 781 1025 835 accurate
1048 775 1153 836 consi·

49 868 134 948 deret,
158 870 361 953 effectusque
378 866 509 932 illorum
526 869 698 953 ponderet,
723 868 813 932 haud
828 868 967 933 dubium
989 879 1046 951 est,
1071 873 1153 956 quin

48 968 182 1030 inveniat
193 965 370 1030 nonnullos
381 967 470 1029 vitae
495 955 732 1045 sanctimonia,
756 988 952 1052 morumque
964 970 1153 1053 integritate

47 1085 99 1148 qua
108 1065 265 1128 vixerunt
273 1063 518 1151 celeberrimos,
531 1064 588 1127 sed
600 1065 721 1150 quibus
730 1065 822 1128 Deus
835 1065 869 1127 in
879 1064 1153 1131 administrandis

45 1161 129 1246 hujus
143 1162 263 1226 mundi
277 1163 418 1246 negotiis
430 1163 572 1246 gratiam
598 1173 630 1225 et
653 1163 856 1246 singularem
872 1162 1083 1247 prudentiam
1100 1165 1153 1229 de·

45 1261 174 1343 negavit.
200 1297 244 1307 -
268 1259 453 1326 Occurrent
475 1258 542 1340 alii,
567 1262 624 1345 qui
641 1261 702 1324 etsi
727 1263 889 1346 optimum
913 1268 946 1323 et
968 1262 1154 1345 prudentis·

44 1358 148 1421 simum
179 1357 271 1421 hunc
295 1356 457 1420 mundum
481 1358 692 1442 gubernandi
717 1358 853 1424 modum
884 1365 1052 1424 consecuti
1076 1363 1152 1446 sint,

43 1453 243 1541 bonitateque
267 1457 413 1538 insuper,
446 1456 516 1518 sine
540 1477 607 1541 qua
630 1455 721 1519 nulla
745 1466 853 1541 potest
876 1460 1055 1523 consistere
1078 1481 1153 1544 pru-

43 1551 150 1634 dentia,
175 1552 318 1638 praediti
335 1553 481 1633 fuerint,
492 1552 694 1636 singularem
710 1562 821 1618 tamen
838 1557 928 1619 vitae
945 1557 1153 1621 sanctitatem

43 1670 96 1713 non
118 1663 195 1714 sunt
219 1652 371 1733 assecuti,
401 1671 503 1735 quare
528 1651 686 1735 majorem
711 1673 841 1737 semper
864 1655 967 1717 animi
990 1655 1153 1738 generosi-

41 1756 127 1811 tatem
152 1751 188 1812 in
212 1747 312 1812 rebus
335 1747 435 1832 hujus
462 1748 598 1829 saeculi,
632 1771 732 1833 quam
757 1749 921 1815 fervorem
944 1753 979 1815 in
1003 1754 1044 1815 iis
1068 1774 1158 1837 quae

41 1845 75 1906 ad
88 1848 239 1931 spiritum
255 1847 423 1931 pertinent
438 1845 672 1912 exhibuerunt.
687 1884 729 1893 —
746 1847 850 1912 Tertii
866 1848 1010 1934 denique
1024 1849 1154 1934 aliquid

40 1942 127 2028 idque
150 1947 315 2030 optimum
344 1954 376 2006 et
406 1965 426 2006 a
458 1945 575 2028 primis
607 1953 641 2007 et
673 1968 693 2008 a
726 1947 880 2011 secundis
908 1957 1084 2028 sumentes,
1121 1956 1154 2010 et

40 2044 228 2106 sanctissimi
252 2051 286 2105 et
309 2041 560 2126 prudentissimi
592 2042 736 2108 fuerunt.
770 2081 810 2092 ·-
844 2045 936 2108 Inter
959 2045 1018 2109 hos
1041 2056 1152 2109 autem

39 2135 106 2202 Pius
133 2141 162 2202 V
202 2143 405 2204 eminentem
437 2149 579 2224 occupat
610 2139 737 2221 locum,
774 2164 850 2206 nam
884 2152 952 2206 tam
987 2146 1154 2228 sapienter

38 2236 229 2316 gubernavit
251 2235 451 2317 Ecclesiam,
485 2246 518 2300 ct
547 2247 615 2301 tam
644 2248 757 2302 sancte
787 2241 933 2325 seipsum
963 2242 1153 2306 moderatus

39 2343 87 2417 est,
116 2345 152 2399 ut
176 2337 308 2420 magnis
332 2335 398 2399 illis
422 2335 650 2417 Pontificibus,
687 2338 793 2401 Leoni
817 2339 873 2420 M,
909 2337 1070 2424 Gregorio
1095 2341 1151 2424 M,

38 2428 185 2517 Gregorio
212 2432 288 2514 VII,
319 2435 388 2518 ipse
412 2436 599 2519 comparari
624 2436 737 2519 possit.
745 2436 769 2516 1“)

118 2568 169 2633 14.
216 2567 323 2630 Natus
347 2576 418 2630 erat
439 2568 518 2631 Pius
542 2567 573 2631 V
600 2591 630 2634 a.
658 2567 744 2632 1504
772 2570 806 2633 in
831 2568 953 2654 oppido
976 2569 1082 2634 Bosco
1107 2583 1195 2634 exl’ii
1210 2582 1230 2622 V
1250 2583 1307 2623 aa.

38 2661 152 2728 familia
177 2662 436 2746 Ghisleriorum3
476 2665 543 2749 jam
576 2665 617 2728 ab
642 2688 729 2730 anno
755 2668 872 2730 aetatis
903 2667 1151 2754 decimoquarto

38 2758 189 2827 Ordinem
216 2786 240 2827 s.
265 2763 435 2828 Dominici
460 2773 509 2826 est
532 2766 709 2847 ingressus,
746 2775 844 2851 atque
878 2766 912 2828 in
936 2765 1051 2829 eodem
1080 2776 1151 2831 tum

38 2879 155 2924 morum
182 2862 358 2924 sanctitate
374 2859 494 2942 floruit,
519 2869 590 2925 tum
607 2864 709 2926 variis
725 2862 919 2927 muneribus
935 2863 1068 2927 functus
1092 2872 1150 2928 est.

37 2956 223 3022 Praesertim
241 2960 451 3044 Inquisitoris
466 2981 588 3023 munus
604 2962 707 3024 variis
732 2962 766 3024 in
783 2959 975 3044 regionibus
991 2963 1149 3044 exercuit,

36 3074 68 3116 ac
91 3078 222 3141 semper
240 3057 378 3141 justum,
403 3058 568 3141 integrum
594 3059 627 3121 in
652 3058 806 3123 omnibus
830 3068 862 3122 et
886 3080 961 3122 cum
987 3058 1149 3144 omnibus,

37 3163 63 3213 et
83 3155 118 3217 in
133 3153 290 3218 omnibus
314 3155 446 3218 casibus
463 3157 776 3237 constantissimum,
801 3156 945 3241 fideique
970 3156 1150 3221 catholicae

36 3261 210 3316 amatorem
243 3252 528 3333 ardentissimum,
567 3264 912 3340 propugnatoremque
936 3253 1150 3318 fortissimum

37 3369 66 3410 se
87 3349 242 3413 ostendit.
288 3349 387 3413 Anno
415 3350 499 3414 1557
524 3374 543 3414 a
567 3351 670 3415 Paulo
687 3351 735 3415 IV
760 3353 867 3415 factus
891 3361 940 3416 est
964 3349 1152 3416 Cardinalis

37 3455 172 3511 stanno
197 3448 418 3533 subsequente
443 3472 615 3534 supremus
640 3451 836 3535 Inquisitor;
861 3451 995 3514 tandem
1022 3451 1080 3514 Pio
1101 3450 1152 3514 IV

36 3543 127 3609 rebus
159 3545 314 3609 humanis
346 3555 510 3631 exempto,
546 3547 599 3610 die
631 3549 667 3610 7⁰
690 3549 843 3612 lanuarii
875 3571 904 3614 5.
936 3548 1021 3612 1566
1051 3571 1152 3633 opera

37 3644 175 3706 maxime
192 3665 216 3706 s.
235 3642 344 3706 Caroli
359 3643 550 3707 Borramaei
568 3646 734 3729 suffragiis
751 3643 977 3710 Cardinalium
1003 3668 1151 3709 summus

36 3738 185 3805 Pontifex
208 3742 416 3805 renuntiatus
441 3752 498 3807 est.

122 3857 174 3921 15.
220 3857 465 3940 Benignissime
498 3867 584 3921 certe
616 3858 680 3921 Dei
711 3857 922 3943 providentia
950 3860 1076 3941 evenit,
1115 3871 1151 3922 ut

38 3966 164 4019 sanetus
196 3955 249 4019 hic
278 3955 433 4019 Pontifex
465 3958 575 4020 statim
609 3967 682 4042 post
707 3954 890 4019 Concilium
916 3955 1149 4020 Tridentinum

38 4116 244 4127 *—

106 4205 126 4268 ¹)
147 4203 201 4257 cfr.
221 4203 395 4270 Panvinium,
412 4203 439 4256 in
460 4204 527 4258 Vita
546 4204 590 4257 Pii
609 4204 641 4258 V.

87 4312 428 4365 Jungmann,1)issertationes.
456 4316 522 4354 Tem.
539 4315 588 4354 VII.
