2964 4912
374 489 415 544 De
435 489 635 544 Constitutione
658 490 832 560 Uniyeaitas.
1100 491 1166 544 ,⁶299

64 633 218 716 piscopum
249 656 338 696 nunc
362 635 478 696 amieis
508 655 597 696 nunc
621 635 744 697 severis
775 643 808 697 et
830 633 1018 696 minacibus
1048 633 1167 697 litteris

63 730 97 793 ad
118 729 226 794 Bullae
250 729 435 794 absolutam
460 732 722 816 acceptationem
746 731 913 795 adducere
937 741 1074 796 conatus
1099 741 1164 813 est3

62 829 84 889 is
104 850 176 892 vero
200 830 234 892 in
259 850 318 892 sua
342 830 506 892 sententia
532 830 683 913 perstitit.
1107 827 1109 832 ’

138 927 187 991 89.
227 928 392 1010 Agitatio,
418 929 596 1011 oppositio,
621 926 787 991 discordia
810 927 913 1009 igitur
935 927 969 989 in
994 925 1106 990 Gallia
1131 928 1165 990 iu
1182 930 1336 970 Diffl⁰¹¹¹t⁸²0⁸

61 1023 119 1086 dies
142 1025 324 1107 erescebat3
349 1025 503 1110 fontisex
527 1047 605 1088 vero
631 1023 785 1088 Clemens
805 1023 857 1086 XI
880 1022 1075 1105 haesitabat,
1100 1045 1166 1108 qua
1211 998 1291 1034 “um‘'

58 1123 171 1185 ratione
194 1122 443 1207 procedendum
459 1133 552 1200 esset,
578 1131 614 1185 ut
638 1144 679 1185 ex
696 1121 805 1185 officio
830 1121 893 1185 sibi
916 1121 1040 1185 credito
1056 1130 1166 1185 aucto-

58 1219 174 1283 ritatem
199 1229 232 1283 et
256 1220 457 1302 dignitatem
482 1219 578 1286 Sedis
600 1219 809 1303 Apostolicae
833 1219 1029 1294 vindicaret.
1068 1218 1166 1282 Para·

58 1323 102 1378 tus
132 1316 266 1402 quidem
300 1327 387 1400 erat,
430 1327 467 1381 ut
499 1320 670 1402 episcopos
703 1317 900 1381 reluctantes
935 1319 970 1380 in
998 1317 1166 1402 judicium

57 1424 195 1495 vocaret,
232 1415 291 1478 sed
315 1417 498 1500 praetensis
520 1415 705 1501 privilegiis
729 1415 912 1480 Gallicanis
947 1415 1050 1479 multa
1073 1437 1165 1500 para-

56 1507 166 1575 bantur
195 1512 383 1595 obstacula3
419 1514 603 1578 timendum
630 1513 786 1577 videlicet
809 1522 878 1578 erat
902 1536 940 1578 ea
964 1523 1088 1594 aetate,
1123 1535 1165 1577 ne

56 1608 100 1670 vel
122 1611 184 1694 ipsi
209 1613 356 1696 episcopi
380 1611 494 1675 fideles
510 1614 685 1675 severitate
700 1611 851 1675 adbibita
868 1620 1164 1676 commoverentur.

55 1703 153 1771 Etiam
190 1709 231 1772 de
265 1709 497 1794 congregando
523 1708 671 1773 Concilio
701 1710 913 1772 oecumenico
947 1709 1165 1773 deliberatum

54 1814 109 1884 est3
132 1815 279 1871 attamen
304 1808 338 1871 id
363 1807 585 1892 periculosum
611 1816 682 1870 erat
705 1817 887 1891 propterea,
912 1809 991 1891 quia
1012 1806 1166 1870 Pontifex

54 1902 133 1966 visus
170 1905 287 1968 fuisset
321 1905 455 1987 cedere,
492 1914 524 1968 et
558 1904 767 1968 definitiones
803 1903 1006 1988 dogmaticas
1038 1903 1165 1987 Synodi

49 1998 165 2081 judicio
190 2002 402 2083 submittere3
427 2001 609 2066 adversarii
635 2001 750 2065 saltem
775 2003 820 2064 ita
845 2024 913 2065 rem
930 2001 1163 2087 explicassent.

52 2094 177 2162 Interim
203 2099 258 2163 die
285 2101 320 2162 1⁰
336 2099 414 2162 Maii
439 2121 468 2162 a.
487 2099 572 2162 1716
591 2100 713 2162 Brevia
737 2098 859 2162 direxit
882 2109 953 2163 tum
978 2099 1020 2162 ad
1045 2098 1189 2163 ducem.

53 2194 327 2280 Aurelianensem,
355 2207 389 2260 ut
412 2219 488 2261 eum
513 2199 673 2260 excitaret
696 2197 739 2260 ad
763 2197 1016 2261 submissionem
1041 2198 1164 2281 episco-

52 2312 156 2374 porum
189 2295 456 2380 provocandam,
491 2306 562 2358 tum
587 2295 627 2358 ad
654 2297 826 2380 episcopos
859 2295 1051 2381 quindecim
1081 2295 1164 2358 reni-

51 2395 162 2476 tentes,
197 2403 235 2458 ut
260 2395 359 2458 minis
390 2415 445 2457 eos
469 2416 488 2456 a
513 2395 638 2478 coeptis
671 2392 858 2456 deterreret.
906 2393 988 2456 Dux
1015 2393 1165 2456 Aurelia-

52 2492 152 2554 nensis
186 2490 271 2555 duos
295 2493 385 2554 misit
409 2491 547 2555 Romam
573 2490 764 2576 deputatos,
801 2492 837 2557 P.
863 2492 1044 2554 Vivienum
1069 2490 1110 2553 de
1133 2489 1167 2554 la

51 2583 148 2651 Borde
191 2588 426 2654 Oratoriauum
469 2600 501 2654 et
537 2586 730 2671 Ohevalier,
771 2589 942 2652 Vicarium
977 2586 1164 2671 generalem

51 2681 202 2750 dioecesis
227 2688 423 2768 MeldensiS,
456 2698 493 2750 ut
517 2709 592 2750 cum
616 2687 778 2750 Pontifice
808 2696 953 2770 agerent.
1002 2685 1066 2751 Sed
1100 2686 1164 2748 viri

50 2794 133 2847 erant
157 2787 293 2850 omnino
322 2787 483 2870 suspecti,
519 2785 667 2849 Rioberii
692 2794 724 2848 et
747 2785 900 2849 Jansenii
934 2785 1092 2849 doctrinis
1116 2785 1163 2846 in-

49 2877 128 2964 fecti,
152 2885 200 2947 ita
225 2893 262 2947 ut
285 2884 383 2969 plane
408 2883 491 2947 nihil
516 2906 592 2946 cum
616 2884 697 2968 ipsis
721 2883 840 2946 confici
861 2891 979 2967 posset,
1005 2903 1066 2945 nec
1082 2881 1164 2944 Pon-

48 2978 122 3042 tifex
145 3003 201 3045 eos
226 2982 269 3045 ad
293 3004 327 3045 se
351 2981 525 3046 admittere
548 2980 658 3046 vellet.
705 2981 830 3044 Romae
851 2989 962 3043 autem
990 2989 1084 3043 erant
1108 2979 1164 3064 qui

48 3078 261 3143 renitentibus
293 3077 468 3159 favebant,
503 3081 549 3142 ita
582 3078 717 3163 quidem
741 3088 777 3141 ut
808 3077 956 3163 quotidie
989 3078 1023 3140 in
1055 3098 1164 3139 mona-

48 3176 136 3238 sterio
161 3178 377 3241 Minimorum
403 3176 460 3242 SS.
485 3177 660 3240 Trinitatis
689 3179 723 3241 in
748 3186 859 3240 monte
882 3177 998 3240 Piucio
1023 3195 1165 3238 conven-

48 3270 141 3338 ticula
177 3274 295 3338 fierent
329 3284 472 3356 secreta,
509 3275 630 3360 quibus
663 3276 845 3338 intererant
875 3274 912 3338 P.
945 3272 1099 3337 Laborde
1132 3281 1166 3335 et

47 3366 274 3436 Procuratores
312 3371 493 3437 Generales
530 3373 842 3454 Benedictinorum,
883 3370 1163 3451 Cisterciensium,

47 3463 254 3551 llissionum,
288 3471 413 3556 aliquot
438 3473 651 3535 Dominicaui
684 3480 717 3534 et
747 3472 920 3554 episcopus
945 3467 1165 3533 Cononiensis

48 3562 183 3648 llaigrot
213 3569 382 3653 quondam
407 3570 561 3633 Vicarius
592 3567 849 3654 Apostolicus¹)‚
886 3569 942 3652 qui
972 3568 1007 3630 in
1039 3568 1164 3630 missio·

46 3661 137 3727 nibus
161 3665 360 3732 Sinensibus
396 3691 430 3731 se
454 3667 594 3731 Jesuitis
618 3666 715 3730 valde
750 3666 928 3729 adversum
965 3664 1163 3728 ostenderat.

46 3756 195 3826 Pontifex
228 3787 330 3849 quum
355 3765 390 3828 id
414 3765 619 3844 rescivisset,
655 3786 695 3827 ea
719 3761 950 3826 conventicula
983 3761 1163 3846 probibuit.

46 3853 153 3922 lleuse
177 3860 359 3925 Novembri
394 3864 513 3926 iterum
548 3862 610 3925 duo
634 3861 751 3924 Boeoto
776 3859 928 3924 Clemens
957 3861 991 3923 in
1016 3858 1163 3923 Galliam

47 3959 230 4039 transmisit,
256 3981 359 4023 unum
383 3959 425 4023 ad
451 3959 570 4023 ducem
590 3958 873 4039 Aurelianensem‚
899 3979 963 4042 quo
988 3956 1165 4020 nuntiabat

115 4180 133 4248 Ι)
152 4179 193 4237 cf.
212 4179 337 4233 Lefiteau
360 4179 433 4237 Hist.
458 4180 492 4234 de
515 4180 542 4233 la
562 4178 749 4234 Constitution
771 4180 937 4249 Uae'peaitas
963 4179 994 4232 T.
1013 4180 1034 4236 1.
1061 4179 1163 4238 L.111.

46 4269 69 4320 p,
87 4259 145 4316 225.
166 4259 242 4338 (edit.
262 4261 294 4313 de
312 4259 397 4328 Liege
419 4259 506 4329 1738.)
