2964 4912
447 495 644 551 Declarationis
662 496 794 563 sequelae.
1134 495 1185 551 361

59 640 270 722 defiuitione,
296 638 387 703 nulla
411 642 606 705 auctoritate
631 639 824 725 derogatum
850 662 920 704 esse
946 639 1185 721 voluerunt.“¹)

59 738 131 800 Rex
165 759 244 801 vero
285 759 388 823 quum
422 737 552 802 videret
584 738 721 802 ulterius
754 738 822 802 fere
854 739 1008 823 progredi
1044 737 1187 802 Comitia

58 857 160 920 quem
177 838 241 920 ipsi
256 845 388 920 gratum
406 845 485 918 erat,
510 836 564 900 die
581 837 618 901 9⁰
634 837 714 901 Maii
732 857 906 900 consessus
923 858 1036 900 eorum
1052 857 1185 922 snspen-

58 933 108 997 dit
132 956 172 998 ec
196 933 295 1018 paulo
319 943 393 1019 post
417 935 512 997 initio
537 937 659 999 mensis
682 935 766 1000 Julii
798 933 1049 998 dissolutionem
1073 956 1116 997 ex
1140 935 1186 998 in-

56 1034 195 1118 opinato
221 1033 378 1097 decrevit.

149 1147 419 1212 Declarationem
459 1147 546 1211 Cleri
583 1150 682 1212 etiam
715 1147 963 1212 Parlamentum
999 1149 1185 1212 Perisiense

55 1248 208 1330 registris
241 1248 309 1310 suis
335 1247 491 1327 inseruit,
528 1245 660 1310 addidit
689 1256 801 1309 tamen
827 1246 867 1309 de
891 1245 1035 1330 Harlay,
1071 1267 1214 1330 procu·¹

54 1353 149 1407 rator
170 1343 344 1426 generalis,
370 1353 529 1407 secretam
546 1346 815 1428 protestationem
837 1365 902 1428 qua
920 1343 1093 1424 statuebat,
1119 1365 1184 1406 non

55 1443 226 1526 pertinere
250 1440 293 1505 ed
319 1439 452 1505 Clerum
478 1440 717 1506 declarationes
747 1444 895 1505 emittere
920 1442 961 1505 dc
983 1444 1074 1526 regia
1098 1451 1186 1527 pote·

55 1549 155 1603 state.
203 1538 276 1603 Tali
301 1539 400 1603 modo
432 1561 551 1602 cavere
575 1539 697 1622 voluit,
734 1563 776 1604 nc
805 1540 887 1603 forte
911 1539 1090 1625 aliquando
1121 1539 1186 1604 alia

56 1637 206 1701 Comitia
221 1636 301 1722 quid
318 1637 475 1701 docerent
490 1637 579 1723 quod
596 1640 707 1701 minus
730 1639 817 1722 regis
833 1637 1029 1722 obsequium
1046 1648 1184 1723 saperet.

581 2059 659 2123 1v.

352 2201 666 2266 Declaratooms
688 2201 888 2278 sequelae.

151 2376 205 2440 52.
252 2375 525 2460 Subscripserant
556 2375 691 2461 quidem
715 2377 827 2439 omnia
859 2376 1006 2439 membra
1031 2374 1185 2440 Comitio·
1234 2396 1265 2488 ⁰5,
1276 2397 1333 2460 011²}

56 2495 134 2538 rum
159 2473 383 2538 Declaratione'
410 2470 508 2556 Cleri,
533 2474 590 2538 sed
615 2496 687 2537 eam
712 2495 830 2558 parum
855 2474 941 2537 votis
966 2472 1183 2557 complurium
1209 2460 1253 2489 ”⁰⁸¹
1277 2460 1337 2488 Μ

59 2570 267 2635 conformem
299 2571 419 2652 fuisse,
455 2570 508 2635 vel
533 2573 603 2657 ipse
629 2572 827 2635 Procurator
849 2573 961 2656 regius
994 2571 1035 2634 dc
1060 2571 1186 2656 Harlay

56 2670 168 2733 fassus
191 2678 250 2751 est,
276 2669 354 2732 dum
380 2669 434 2733 die
458 2671 496 2734 2⁰
512 2670 606 2735 Junii
632 2671 774 2753 scripsit,
799 2669 889 2733 haud
915 2671 1035 2732 mirum
1059 2691 1129 2733 esse
1153 2671 1187 2733 in

58 2766 212 2830 Sorbona
258 2766 444 2852 complures
481 2769 633 2832 resistere
671 2769 893 2852 acceptatioui
933 2767 1186 2848 Declarationis,

58 2887 166 2950 quum
197 2867 297 2928 etiam
329 2865 392 2950 ipsi
425 2864 593 2950 praesules
618 2864 837 2929 Comitiorum
868 2864 965 2928 facile
998 2867 1187 2950 opinionem

58 2985 157 3027 suam
182 2971 364 3045 mutarent,
395 2965 421 3026 si
445 2963 509 3027 hoc
533 2964 614 3046 ipsis
637 2965 892 3047 permitteretur.
941 2961 1084 3027 Comitia
1107 2962 1189 3026 dicit

61 3084 145 3143 „une
169 3059 346 3125 Aeremblde
371 3061 414 3124 du
442 3059 552 3146 Cierpd
573 3061 650 3125 dont
674 3060 708 3124 la
727 3061 865 3146 pluspart
894 3061 1116 3145 cbouperae'ent
1138 3060 1189 3124 de·

56 3160 150 3222 maio
174 3159 256 3222 etde
273 3159 450 3238 boneocor,
475 3161 504 3222 re'
520 3182 560 3222 on
575 3157 601 3222 lc
620 3157 689 3222 leur
706 3159 957 3244 permettait.²)“
995 3157 1093 3238 Quod
1111 3179 1188 3222 vero

58 3256 105 3320 ad
131 3255 292 3320 dordonae
315 3257 526 3321 resistentiam
550 3265 686 3341 spectat,
712 3258 844 3320 nonnisi
869 3258 904 3320 vi
929 3256 1073 3341 quadam
1099 3255 1189 3320 illata

59 3375 100 3418 eo
125 3353 326 3438 gubernium
350 3356 523 3438 pervenit,
555 3362 591 3417 ut
614 3353 805 3417 Declaratio
838 3363 937 3440 etque
961 3353 1118 3417 Edictum
1142 3375 1189 3417 re·

58 3454 155 3536 glum
180 3452 340 3536 Registris
371 3453 604 3516 insererentur.
653 3453 717 3516 Die
750 3457 787 3514 1ο
811 3451 891 3515 Maii
923 3451 1062 3516 solemni
1091 3450 1188 3515 modo

58 3551 200 3614 Praeses
222 3549 423 3614 Parlamenti
457 3549 497 3612 de
522 3549 654 3613 Novion
686 3548 809 3635 aliique
838 3549 881 3613 ad
906 3571 987 3634 quos
1019 3551 1188 3633 negotium

58 3645 252 3732 spectabat,
285 3669 395 3711 coram
420 3647 593 3711 Facultate
617 3646 863 3710 Declarationis
887 3649 1111 3732 receptionem
1135 3668 1189 3732 po·

60 3743 237 3810 stularunt.
285 3745 422 3809 Eisdem
447 3745 487 3808 de
511 3744 644 3825 Betille,
670 3747 723 3808 vir
747 3747 838 3808 senio
864 3745 1046 3826 confectus,
1071 3745 1129 3829 qui
1154 3753 1190 3808 ut

60 3843 212 3907 decanus
228 3853 336 3908 aetate
353 3845 521 3907 consessui
537 3853 698 3928 praeerat,
716 3853 749 3906 et
765 3842 924 3926 syndicus
934 3843 1026 3905 Pirot
1038 3841 1188 3926 obsequii

60 3941 230 4026 quaedem
254 3941 348 4026 signa
369 3942 542 4025 dederunt,
568 3942 626 4006 sed
642 3964 720 4005 mox
736 3941 915 4005 vehemens
936 3939 1070 4026 majoris
1087 3942 1190 4024 partis

61 4038 237 4102 doctorum
262 4048 376 4104 exorta
399 4050 448 4104 est
464 4041 639 4124 oppositio.
679 4039 843 4116 Quamvis
864 4047 975 4102 autem
990 4037 1188 4121 gubernium

124 4281 160 4343 ·¹)
179 4278 213 4334 V.
233 4278 318 4332 Gerin
337 4279 354 4331 l.
374 4294 396 4332 c.
416 4279 455 4332 ed.
475 4281 501 4335 2.
520 4295 545 4345 p.
565 4277 625 4331 328.
674 4276 693 4341 ²)
712 4276 746 4333 V.
766 4275 849 4329 Gerin
869 4276 885 4329 l.
906 4292 927 4329 c.
946 4291 972 4343 p.
992 4279 1052 4332 387.
