3336 4908
411 448 464 504 266
808 449 865 506 XL.
902 450 943 504 De
961 451 1140 507 Jensenismo.

239 591 493 658 Defendunturhaec
517 592 658 656 decretis
674 592 845 657 Ecclesiae
870 594 1002 656 nonnisi.
1028 592 1173 657 debitam
1198 597 1418 660 reverentiam
1442 617 1517 679 prae-

239 667 563 760 diiiffvissestandam
588 713 667 756 esse.
701 690 959 755 Confundebant
982 702 1092 754 autem
1110 691 1198 755 facta
1222 692 1411 776 dogmatica
1434 693 1517 778 plane

272 781 366 820 ΨΜ·
409 810 484 851 cum
499 789 673 874 quibusvis
686 788 759 852 aliis
771 788 868 851 factis
879 787 1116 873 personalibus,
1141 789 1349 873 quotidianis,
1369 791 1517 876 profanis,
1558 865 1559 878 χ

407 886 450 950 ad
482 887 665 951 custodiam
703 886 780 949 fidei
813 909 879 950 non
912 887 1164 970 pertinentibus,
1194 897 1227 949 et
1250 887 1312 951 hac
1339 889 1518 952 confusione
1558 891 1559 908 ¹

407 985 502 1064 facta,
528 983 757 1063 advertebant,
783 985 974 1054 Baronium,
1000 984 1250 1067 Bellarminum,
1274 985 1518 1064 Pallaviciuum,

405 1082 552 1168 aliosque
577 1083 727 1147 doctores
751 1081 952 1146 orthodoxos
977 1092 1130 1164 statuere,
1156 1083 1266 1167 quoad
1290 1083 1381 1148 facta
1406 1105 1519 1147 nonre-

407 1179 515 1244 velata
539 1180 723 1244 Ecclesiam
756 1202 822 1244 non
847 1203 918 1244 esse
942 1180 1162 1246 infallibilem.
1211 1181 1285 1244 Hac
1308 1185 1437 1245 ratione
1465 1203 1519 1244 mo·

406 1277 484 1340 dum
509 1278 629 1362 agendi
656 1278 785 1342 illorum
812 1289 953 1362 quatuor
972 1280 1202 1364 episcoporum
1223 1278 1412 1363 justificare
1427 1280 1519 1342 stude·

405 1375 495 1441 bant.
546 1375 677 1457 „Quod
703 1377 870 1460 inquiunt,
895 1374 938 1440 ab
963 1398 1002 1438 ea
1026 1376 1151 1456 (debita
1169 1377 1372 1462 reverentia)
1398 1377 1519 1462 quidam
1559 1403 1560 1422 i

405 1477 493 1558 ipsos
518 1476 552 1537 in
578 1476 645 1538 suis
670 1474 711 1537 de
736 1473 980 1559 subscriptione
1005 1474 1171 1538 mandatis
1205 1474 1397 1538 discessisse
1429 1476 1520 1537 crimi-

404 1580 534 1651 nantur,
574 1572 779 1635 alienissima
817 1572 859 1635 ab
894 1573 984 1656 ipsis,
1032 1572 1115 1634 Bme
1138 1571 1248 1652 Peter,
1288 1574 1436 1656 suspicio
1473 1583 1520 1634 est.

405 1668 495 1747 Quid
520 1671 658 1733 enimin
676 1668 740 1733 illis
757 1669 933 1749 mandatis,
958 1669 1045 1754 quod
1061 1668 1145 1732 vela
1160 1668 1343 1732 catholicae
1362 1671 1520 1734 doctrinae

403 1788 519 1830 norma
544 1767 597 1830 vel
614 1790 633 1831 a
650 1755 819 1831 Romanae
837 1765 932 1831 Sedis
956 1769 1143 1830 reverentia
1159 1766 1327 1830 tantillum
1353 1766 1519 1831 deflectat?

402 1864 536 1928 Novum
552 1874 584 1927 et
598 1865 788 1928 inauditum
804 1865 893 1950 apud
911 1866 979 1928 Nos
996 1863 1147 1928 nonnulli
1165 1866 1286 1949 dogma
1303 1866 1517 1949 protulerunt

402 1962 573 2026 Ecclesiae
597 1985 717 2048 nempe
742 1963 892 2044 decretis,
926 1963 1047 2048 quibus
1078 1963 1272 2048 quotidiana
1297 1985 1361 2026 nec
1387 1963 1519 2026 revelata

402 2061 491 2124 facta
514 2061 724 2142 deciduntur,
750 2071 873 2125 certam
890 2073 923 2124 et
938 2060 1146 2124 infallibilem
1172 2071 1322 2124 constare
1343 2064 1516 2138 veritatem,

402 2168 502 2244 atque
526 2158 608 2222 adeo
634 2160 706 2244 ipsa
729 2181 796 2224 non
821 2161 931 2224 minus
955 2182 1055 2245 quam
1078 2159 1225 2223 revelata
1249 2161 1283 2222 in
1301 2157 1519 2244 Scripturiset

405 2256 584 2321 traditione
608 2256 775 2341 dogmata,
807 2257 873 2321 fide
897 2280 967 2321 esse
991 2257 1144 2322 tenenda.
1193 2257 1266 2321 Hoc
1290 2278 1371 2321 vero
1403 2258 1518 2339 dogma,

401 2355 483 2418 Bme
523 2354 635 2436 Pater,
683 2354 770 2440 quod
810 2354 852 2418 ab
891 2354 1046 2418 omnibus
1089 2356 1234 2440 antiquis
1274 2354 1518 2438 recentibusque

403 2451 565 2535 theologis
602 2473 766 2538 peraeque
803 2451 997 2516 damnatum
1029 2461 1087 2534 est,
1130 2475 1171 2516 ex
1196 2453 1390 2514 Decessoris
1419 2452 1518 2514 Vestri

403 2548 704 2613 Constitutionibus
728 2550 830 2614 iidem
855 2553 910 2636 qui
925 2550 1006 2614 illud
1022 2552 1223 2614 invexerunt
1239 2562 1365 2612 temere
1382 2549 1518 2613 stabilire

403 2646 603 2710 nitebantur.
651 2646 741 2710 Huic
766 2647 852 2710 malo
877 2658 914 2711 ut
937 2658 1148 2711 occurrerent
1170 2646 1335 2731 praedicti
1360 2647 1516 2732 Episcopi,

402 2743 499 2807 simul
523 2754 560 2808 ut
584 2744 802 2828 quorumdam
820 2745 985 2830 scrupulis
1001 2745 1220 2825 mederentur,
1246 2748 1437 2829 oppositam
1454 2745 1516 2808 huic

402 2840 669 2906 manifestissimo
708 2843 809 2905 errori
847 2843 1042 2926 doctrinam,
1083 2843 1391 2905 communissimam
1435 2839 1515 2906 simul

400 2941 680 3020 accertissimam,
705 2940 739 3002 in
764 2939 931 3003 mandatis
956 2941 1023 3002 suis
1047 2949 1282 3024 exposuerunt,
1311 2939 1460 3003 hnmana
1481 2940 1514 3001 ni·

401 3038 519 3100 mirum
545 3060 606 3101 nec
631 3038 794 3101 divinitus
818 3036 964 3100 revelata
1003 3037 1091 3100 facta
1115 3059 1181 3100 non
1206 3038 1403 3101 omnimoda
1429 3051 1460 3101 et
1479 3039 1514 3098 in·
1562 3027 1563 3092 ]

399 3135 529 3199 fallibili
564 3136 763 3199 certitudine
788 3133 830 3198 ab
855 3135 1007 3198 Ecclesia
1031 3134 1173 3214 definiri,
1207 3134 1363 3219 adeoque
1388 3137 1423 3198 in
1448 3134 1514 3218 ejus·

399 3232 489 3296 modi
514 3233 613 3296 rebus
638 3232 721 3296 nihil
745 3231 836 3296 aliud
862 3235 967 3317 ipsam
985 3256 1005 3296 a
1020 3231 1174 3295 fidelibus
1200 3233 1346 3314 exigere,
1372 3254 1468 3318 quam
1487 3239 1514 3290 ut

398 3353 457 3394 sua
482 3330 614 3394 decreta
638 3341 836 3410 reverenter,
862 3342 898 3393 ut
923 3352 982 3414 par
1005 3340 1064 3406 est,
1090 3329 1243 3393 habeant.
1289 3329 1382 3408 Quid
1406 3333 1440 3394 in
1463 3329 1513 3392 hac

398 3427 559 3509 doctrina,
585 3428 667 3491 Bme
691 3431 795 3508 Pater,
831 3429 864 3490 in
890 3428 1074 3492 Romanam
1099 3427 1220 3492 Sedem
1245 3428 1467 3512 irreligiosum
1488 3437 1512 3487 et

397 3525 582 3609 injurium?
622 3527 688 3588 imo
721 3525 802 3610 quid
832 3546 896 3587 non
922 3525 1112 3607 religiosum
1138 3535 1171 3587 et
1194 3525 1316 3609 pium?
1357 3549 1432 3589 cum
1460 3544 1512 3587 non

397 3622 495 3686 modo
527 3645 547 3686 a
575 3624 714 3686 summis
738 3622 950 3707 Apostolicae
975 3621 1071 3686 Sedis
1105 3625 1362 3688 veneratoribus
1392 3626 1512 3709 ejusque

397 3722 567 3784 acerrimis
605 3720 799 3784 vindicibus
838 3721 1000 3798 Baronic,
1047 3721 1268 3801 Bellarmino,
1320 3721 1510 3785 Pallavicino

397 3827 520 3881 asserta
544 3828 577 3882 et
600 3818 723 3881 tradita
747 3819 798 3897 sit,
824 3818 882 3880 sed
907 3840 944 3881 eo
970 3819 1105 3882 nomine
1128 3819 1340 3903 potissimum
1366 3815 1509 3883 constabi-

396 3915 466 3996 lita,
496 3916 584 4000 quod
609 3937 682 3978 eam
706 3916 749 3979 ad
774 3916 1014 3979 vindicandam
1039 3916 1211 3979 Ecclesiae
1235 3919 1461 3981 auctoritatem
1483 3914 1509 3974 in

396 4013 587 4077 sanciendis
611 4011 688 4075 fidei
715 4012 927 4097 dogmatibus
958 4023 991 4077 et
1022 4013 1065 4077 ad
1097 4014 1342 4079 haereticorum
1374 4015 1507 4078 crimina·

397 4113 503 4174 tiones
534 4109 752 4195 repellendas,
785 4113 1066 4195 pernecessariam
1087 4112 1283 4197 judicarint.
1331 4113 1381 4176 Ita
1404 4111 1507 4176 sentire

397 4210 424 4272 si
450 4209 664 4271 criminosum
682 4209 899 4292 existimetur,
925 4231 992 4272 non
1008 4209 1070 4280 hoc
1087 4211 1259 4295 proprium
1284 4213 1437 4296 ipsorum,
1460 4203 1505 4269 scd
1562 4235 1563 4246 ¹
