3288 4900
406 487 519 541 Consilii
538 488 664 556 periodus
682 488 774 543 tertie.
1098 476 1149 544 165

50 632 257 715 episcoporum
290 632 431 695 decretis
455 633 596 716 oppositi
622 642 740 708 essent,
772 632 911 697 Romam
943 633 1026 718 stylo
1052 634 1167 698 vehes

54 731 188 793 nentiore
218 732 430 816 seripserunt,
466 739 503 793 ut
533 732 703 814 angustias
731 752 806 794 suas
830 732 1006 816 aperirent.
1053 733 1148 796 Tune

48 825 192 908 Pontifex,
216 830 372 913 quamvis
395 838 495 917 antea
519 828 652 892 deoreta
675 828 731 892 illa
755 829 826 893 lieri
850 833 1054 914 perursisset,
1080 852 1148 895 mu-

48 934 103 988 tato
123 928 238 1007 animo,
264 928 311 990 uti
324 927 395 1013 jam
413 928 593 1007 innuimus,
619 927 868 992 rescribendum
887 929 1033 991 curavit:
1061 927 1148 1009 ,Ubi

47 1022 174 1087 ¹arduitas
198 1024 421 1089 offenderetur
444 1025 515 1088 sine
529 1024 676 1089 *dissidio
693 1023 938 1110 insuperabilis,
962 1027 1041 1089 satis
1063 1025 1148 1089 futu·

51 1141 105 1184 rum
126 1108 293 1203 Pontifici,
312 1125 338 1187 si
364 1144 426 1187 nae
450 1122 491 1186 de
515 1145 575 1186 sua
591 1124 710 1188 neode
734 1125 963 1210 episcoporum
989 1132 1148 1208 potestate

46 1218 206 1304 ¹quidquam
232 1221 483 1305 exprimeretur,
513 1219 578 1285 illis
601 1231 731 1285 tantum
756 1221 854 1285 editis
885 1221 1147 1302 definitionibus,

49 1316 72 1377 in
92 1339 166 1402 quas
189 1320 303 1383 Patres
327 1320 482 1393 unanimi
508 1340 670 1383 consensu
703 1320 995 1404 conspirarent.“¹)
1042 1318 1146 1383 Paulo

49 1425 104 1495 post
124 1416 256 1501 Legatis
281 1419 437 1503 injunxit,
469 1427 506 1481 ut
530 1417 571 1481 de
602 1419 797 1481 auctoritate
833 1440 892 1481 sua
923 1416 1007 1481 nihil
1040 1419 1148 1481 minus

48 1517 214 1579 autminus
240 1515 327 1579 clare
357 1516 531 1596 diceretur,
564 1537 664 1601 quam
696 1516 813 1579 dicunt
837 1515 992 1600 Synodus
1016 1514 1148 1579 Floren-

46 1611 108 1690 tina,
139 1611 288 1677 Consilia
312 1624 345 1676 et
368 1614 483 1677 Patres
512 1614 724 1698 antiquiores,
762 1614 842 1698 quin
869 1615 968 1676 etiam
997 1611 1148 1677 nonnulli

47 1729 77 1770 ex
98 1709 277 1776 haereticis.
326 1712 460 1797 Adjecit
491 1713 601 1792 etiam,
633 1733 668 1775 se
691 1710 984 1796 praestoaessead
1008 1710 1148 1775 tuendas

41 1808 84 1868 sui
117 1811 305 1892 profusione
344 1811 518 1892 sanguinis
556 1831 611 1873 eas
650 1811 899 1894 praerogativas
921 1803 1148 1892 ‘Apostolicae

45 1900 130 1987 Sedis,
155 1931 241 1993 quae
266 1908 332 1972 non
357 1907 509 1971 doctrina
525 1907 628 1971 solum
643 1907 699 1971 sed
718 1907 936 1993 complurium
951 1905 1148 1970 Sanctorum

40 2007 184 2086 sanguine
209 2005 360 2097 firmatae
384 2015 488 2069 erant.
536 2007 650 2070 Potius
673 2027 715 2068 ex
740 2007 780 2069 iis
804 2028 890 2090 quae
914 2002 996 2068 alies
1013 2003 1147 2067 urenda·

45 2112 120 2165 verat
151 2114 326 2189 utrumque
358 2113 591 2188 argumentum
623 2105 837 2184 omitteretur,
869 2102 901 2168 h.
926 2124 954 2166 e.
989 2101 1029 2165 de
1048 2102 1146 2186 juris·

42 2197 167 2265 dictione
192 2201 374 2286 episcopali
390 2212 431 2266 et
453 2201 648 2287 pontificali.
678 2200 753 2281 Quo
780 2202 875 2287 jussu
900 2201 1036 2284 Legatis
1059 2201 1147 2263 miri-

42 2293 91 2359 doe
115 2298 238 2363 factum
270 2309 320 2362 est
349 2302 436 2364 satis.
485 2299 538 2362 Ex
562 2299 665 2362 altera
688 2308 798 2362 autom
829 2308 922 2384 parte
945 2296 1034 2362 Galli
1060 2297 1147 2361 flecti

42 2415 94 2457 non
115 2407 275 2480 poterant,
301 2407 338 2462 ut
361 2397 575 2461 admitterent
591 2397 693 2461 verba
711 2397 766 2461 ille
779 2397 969 2482 pontificiae
993 2397 1147 2481 potestati

42 2490 180 2577 faventia,
213 2504 246 2558 et
278 2495 379 2559 alieni
412 2494 631 2560 remanebant
653 2496 695 2559 ab
720 2495 928 2559 admittenda
951 2495 1147 2558 auctoritate

42 2588 236 2657 Florentinae
268 2592 396 2677 Synodi
436 2603 549 2678 utpote
587 2592 772 2657 celebratae
809 2593 853 2657 ad
889 2593 1145 2656 aemulationem

37 2693 332 2777 oppositionemque
356 2691 564 2773 Basileensis,
590 2713 675 2776 quae
698 2690 741 2754 ab
767 2691 950 2755 Academia
966 2691 1144 2754 Parisiensi

41 2790 287 2870 sustinebatur.²)
1427 2874 1438 2883 „

114 2889 187 2954 123.
237 2887 354 2967 Qualis
385 2887 485 2950 fuerit
515 2887 617 2951 facies
650 2886 791 2951 Consilii
816 2887 1004 2951 Tridentini
1035 2887 1144 2951 medio
1164 2905 1316 2980 racionem·
1434 2898 1435 2905 ¹

42 3003 110 3048 anno
129 2986 226 3067 1563,
251 2985 435 3049 retulerunt
457 3007 495 3049 eo
520 2995 667 3070 tempore
690 2986 809 3068 Legati
835 2983 1005 3049 Cardinali
1029 2985 1144 3050 Borro-
1208 2969 1265 3008 ⁰¹¹¹¹‘

41 3099 127 3164 maso,
151 3083 317 3168 simulque
335 3085 515 3147 contrarias
529 3085 701 3147 nationum
716 3084 918 3162 affectiones,
935 3104 1016 3167 quas
1033 3103 1144 3145 earum
1240 3092 1247 3109 ⁸

35 3179 172 3261 singulae
204 3181 248 3244 ad
272 3181 477 3246 honestatem
506 3181 642 3246 tendere
675 3180 920 3246 existimabant.
968 3178 1079 3265 Atque
1104 3202 1147 3243 ex

38 3271 77 3338 his
93 3278 153 3342 sibi
171 3279 429 3344 adversantibus
444 3302 566 3363 magna
581 3290 729 3365 exparte
746 3279 914 3343 oriebatur
926 3279 1146 3363 repugnantia

33 3381 261 3442 sententiarum
297 3381 330 3441 in
362 3379 553 3461 dogmatum
586 3376 845 3463 quaestionibus,
877 3386 909 3440 et
933 3375 1145 3440 consiliorum

36 3471 61 3532 in
84 3473 377 3540 deliberationibus
410 3475 531 3559 legum.
578 3476 654 3539 Itsli
687 3476 787 3540 decus
818 3476 936 3557 ingens
965 3483 997 3537 et
1025 3473 1145 3537 emolu-

32 3582 169 3636 mentum
203 3596 282 3637 suae
310 3575 418 3658 gentis
443 3595 514 3637 esse
544 3573 708 3658 putabant
737 3573 1022 3636 conservationem
1047 3571 1143 3657 maje-

32 3670 116 3732 statis
139 3680 172 3733 et
195 3674 365 3756 potestatis
378 3673 412 3734 in
427 3671 490 3735 boo
507 3670 730 3735 ecclesiastico
746 3670 946 3756 principatu,
971 3690 1035 3753 quo
1048 3668 1145 3732 Italia

31 3763 158 3850 reliquis
189 3769 380 3833 nationibus
411 3778 566 3855 praestet.
614 3769 833 3854 Quapropter,
866 3766 1066 3852 quibusdam
1091 3789 1144 3830 ex·

34 3866 136 3946 ceptis,
169 3870 225 3952 qui
243 3877 316 3931 ‹aut
348 3869 452 3952 magis
483 3867 665 3949 flexanimi,
697 3875 755 3929 aut
785 3864 1017 3928 imbecilliores
1042 3886 1076 3928 se
1100 3864 1142 3928 ab

34 3965 145 4027 exteris
167 3967 237 4049 regi
262 3966 425 4047 sinebant,
459 3964 597 4050 hujusce
630 3965 774 4047 regionis
799 3961 965 4049 praesules
987 3983 1055 4025 non
1079 3961 1145 4025 alio

59 4106 235 4117 ἡ-ζ.

99 4193 119 4259 ¹)
139 4195 205 4251 lbid.
226 4194 255 4252 0.
276 4195 334 4249 XV.
353 4213 379 4252 n.
399 4197 423 4250 3.
450 4195 483 4248 ln
501 4194 557 4248 litt.
576 4208 660 4248 mens.
679 4193 741 4247 Jen.
763 4193 840 4247 1563.

96 4272 120 4345 ᾖ)
139 4275 205 4329 lbid.
226 4276 255 4331 L.
275 4276 334 4331 XX.
355 4277 382 4329 C.
402 4276 453 4332 Ill.
473 4291 491 4328 n
519 4277 544 4331 2.
