3288 4900
386 513 389 522 .
465 471 581 525 Consilii
597 471 722 538 periodus
742 471 837 538 prima.
1206 473 1243 528 93

127 617 312 680 adversariis
337 616 662 700 argumentationem
685 614 1121 700 nibilominusprobabilem
1146 617 1241 680 reddi
1297 623 1300 635 '

127 715 186 798 ejus
208 714 466 777 immunitatem.
514 713 591 775 Hoc:
612 712 740 775 dictum
765 713 929 776 Bertanus
952 712 1075 798 aliique
1092 714 1241 778 Domini-

127 815 187 876 cani
211 812 331 898 plausu
363 832 541 895 excepere,
573 819 610 874 ut
640 810 767 874 accidit
787 813 942 894 graviora
965 811 1240 895 periclitantibus,

125 920 152 972 at
172 910 297 973 Paucae
336 909 436 993 eique·
468 908 612 972 addictis
645 907 819 973 molestum
851 909 985 972 accidit.
1032 909 1087 972 Eo·
1106 909 1240 974 demum

125 1029 167 1070 res
191 1009 343 1085 devenit,
383 1015 422 1068 ut
458 1007 613 1090 quamvis
651 1003 800 1090 plerique
833 1015 1028 1090 conceptam
1060 1009 1131 1071 sins
1166 1007 1241 1072 labe

124 1106 286 1188 Virginem
325 1105 572 1182 existimarent,
621 1100 756 1187 plurimi
793 1113 903 1166 tamen
940 1105 1042 1166 satius
1072 1103 1239 1192 duxerint,

124 1201 194 1266 nihil
218 1203 394 1288 oppositae
408 1203 592 1265 sententiae
610 1200 854 1265 detrahendum
870 1223 950 1267 esse.
987 1201 1098 1281 Quare
1116 1203 1240 1268 decreti

124 1301 215 1364 verba
247 1323 289 1363 ex
318 1299 522 1362 betuniensis
554 1299 651 1362 dietis
686 1298 904 1384 comprobata
933 1307 1019 1380 sunt,
1057 1303 1240 1383 aegerrime

123 1399 238 1461 lerentc
262 1397 401 1462 Paceou
410 1395 435 1483 1)

197 1497 254 1558 42.
294 1495 417 1578 Magna
441 1494 562 1560 deiude
587 1493 759 1578 diligentia
784 1495 931 1558 doctrino
955 1495 994 1558 do
1010 1495 1292 1616 justificatione⁰
1257 1503 1292 1542 ⁰⁰
1294 1504 1368 1543 11111
1382 1505 1409 1543 <1⁶

122 1592 262 1657 discussa
277 1601 335 1673 est,
359 1602 458 1677 atque
482 1615 524 1654 ex
546 1601 701 1656 accurato
718 1593 779 1655 isto
797 1593 951 1654 examine
965 1591 1099 1655 demum
1115 1593 1239 1705 prodiit
1272 1565 1382 1668 lm}

120 1690 312 1754 admiranda
334 1712 375 1753 ea
390 1689 559 1772 dogmatis
568 1689 725 1752 catholici
742 1690 917 1774 expositio,
942 1711 1030 1773 quae
1042 1691 1076 1752 in
1093 1694 1238 1756 sessione

120 1802 203 1852 sexta
228 1788 438 1874 promulgata
461 1788 580 1853 fuitI
583 1810 605 1850 n
565 1787 685 1850 Iilla
709 1797 820 1850 autem
845 1787 1049 1850 discussione
1073 1792 1238 1873 apparuit,
1322 1857 1324 1861 ,

119 1885 334 1971 quorumdam
361 1887 497 1950 Petrum
530 1885 698 1950 mentibus
730 1885 902 1969 opiniones
934 1884 975 1947 de
1001 1885 1240 1968 justificatione

119 1985 303 2066 inhaesisse,
336 2007 421 2070 quae
452 2006 472 2046 a
495 1983 754 2047 Protestantium
786 1982 917 2068 placitis
940 2005 1007 2046 non
1032 1985 1111 2047 satis
1140 1985 1239 2050 clieta·

119 2081 208 2144 bant.
252 2081 408 2165 Vestigia
430 2080 512 2144 ibi
503 2082 649 2145 inveniri
675 2080 799 2144 dixeris
823 2081 1014 2145 tendentiae
1045 2079 1142 2163 illius,
1174 2107 1240 2168 qua

118 2181 335 2242 transactione
363 2178 508 2272 quadam
531 2178 708 2244 concordia
734 2200 809 2241 cum
827 2177 1089 2242 Protestantibus
1111 2182 1239 2244 1estitui

118 2298 206 2359 posse
230 2274 389 2340 censebat
376 2286 441 2340 tur
488 2274 583 2339 Sic
574 2299 611 2340 ιιι
640 2275 867 2359 theologorum
901 2276 1131 2359 congressibus
1155 2278 1239 2342 Lau

117 2375 237 2436 rentius
260 2372 476 2438 Mazocchius
500 2396 542 2437 ex
560 2373 639 2440 Ord.
658 2373 750 2438 Serv
766 2374 804 2438 B
818 2374 861 2439 M.
876 2373 917 2437 V
944 2396 1010 2436 una
1035 2395 1111 2436 cum
1133 2374 1239 2438 tribus

119 2480 297 2554 quatuorve
332 2469 409 2534 aliis
441 2471 606 2556 theologis
641 2473 766 2557 opinati
807 2480 897 2555 sunt,
937 2471 1106 2536 hominem
1143 2473 1239 2537 reddi

115 2569 237 2652 justum
260 2590 321 2652 per
344 2568 456 2646 fidem,
491 2580 656 2654 quatenus
679 2572 749 2655 ipse
773 2570 993 2634 fidentissime
1016 2569 1130 2652 credit,
1160 2595 1180 2634 a
1205 2594 1239 2635 se

120 2687 170 2748 per
181 2667 264 2730 Jesu
277 2665 402 2731 Christi
419 2669 541 2732 merita
553 2677 765 2752 peccatorum
780 2669 915 2732 veniam
928 2667 1079 2733 obtineri.
1110 2667 1240 2733 Similia

120 2764 149 2825 in
171 2764 496 2847 Congregationihus
529 2764 743 2848 generalibus
771 2765 877 2850 aliqui.
900 2766 1047 2850 episcopi
1071 2766 1238 2834 dixerunt.

123 2861 154 2923 ln
174 2864 284 2946 prima
310 2884 353 2925 ex
369 2872 443 2926 octo
459 2863 784 2947 Congregationibus
809 2885 893 2948 quae
909 2863 971 2926 beo
989 2862 1029 2926 de'
1046 2862 1240 2948 qhaestione

125 2955 245 3023 habitae
271 2969 359 3042 sunt,
384 2959 539 3027 Senensis
563 2961 834 3046 archiepiscopus
850 2970 971 3024 cuncta
988 2960 1129 3046 Christo,
1154 2962 1239 3026 nihil

122 3055 205 3120 nohis
229 3057 392 3139 attribuit,
418 3067 520 3122 totam
540 3059 690 3143 justitiae
714 3059 940 3144 acceptionem
958 3058 1038 3122 fidei
1052 3060 1237 3147 adscripsit,

118 3152 248 3239 reliquis
278 3155 590 3240 praeparationibus
621 3155 724 3238 nihil,
762 3179 847 3242 quas
878 3158 1059 3221 sententiae
1083 3158 1238 3222 Patribus

118 3251 197 3316 male
220 3252 410 3319 audierunt.
458 3255 572 3318 Minus
595 3263 683 3318 recte
708 3255 744 3318 in
766 3253 833 3318 alia
848 3255 1113 3338 Congregatione
1137 3259 1237 3320 etiam

117 3347 271 3414 disseruit
301 3351 477 3437 episcopus
502 3351 676 3433 Cavensis,
702 3353 759 3436 qui
783 3352 921 3436 profusa.
942 3355 1090 3418 oratione
1113 3357 1238 3438 pariter

116 3447 222 3510 omnia
246 3447 310 3531 ipsi
335 3447 413 3512 fidei
437 3448 627 3534 arrogabat,
649 3449 824 3532 arbitrans,
850 3473 889 3514 ea
905 3453 1011 3535 posita
1035 3451 1122 3518 illico
1142 3453 1238 3538 justi·

114 3542 301 3610 ficationem
326 3545 494 3632 subsequi,
529 3547 625 3633 cujus
648 3547 846 3612 individuae
870 3559 979 3612 essent
1004 3547 1139 3614 comites
1163 3573 1237 3636 spes

115 3649 147 3702 et
180 3643 310 3724 caritas,
349 3643 407 3707 sed
442 3665 508 3708 non
545 3655 732 3714 causaest
763 3647 857 3730 quasi
891 3647 1096 3731 prodromos.
1145 3648 1236 3712 Haec

115 3741 274 3804 sententia
298 3739 435 3804 Petrum
460 3763 557 3806 aures
581 3743 729 3825 offendit,
770 3752 803 3806 et
837 3766 858 3807 a
889 3743 1040 3828 pluribus
1073 3747 1237 3831 episcopis

114 3835 253 3900 refutata
277 3846 334 3902 est.
359 3873 403 3884 «-
426 3837 544 3926 Neque
567 3849 661 3923 grata
685 3841 811 3905 accidit
832 3840 916 3905 Julii
933 3841 1112 3906 Contareni
1129 3843 1236 3906 Bellu-

115 3935 223 3996 nensis
246 3935 404 3998 antistitis
428 3937 542 4017 oratic,
567 3946 689 4002 cuncta
711 3937 790 4002 fidei
807 3960 846 4002 ac
861 3937 943 4002 Jesu
960 3938 1083 4002 Christi
1109 3941 1235 4004 meritis

115 4026 340 4114 adscribentis
371 4041 404 4096 et
433 4031 518 4098 nihil
551 4035 715 4120 operibus,
750 4057 826 4099 cum
850 4034 934 4099 haec
957 4035 1062 4100 solum
1093 4037 1171 4102 fidei
1195 4061 1235 4102 ac

189 4243 207 4308 'l
225 4243 271 4296 Ita
283 4243 468 4298 Pallavieinns
488 4245 517 4298 L.
531 4244 594 4302 VII.
614 4244 643 4300 Ο.
658 4244 720 4301 VII.
748 4245 802 4300 err.
816 4246 941 4312 Theiner,
960 4247 1031 4301 Aeta
1043 4248 1064 4300 1.
1086 4249 1234 4304 131-146.
