3288 4900
450 454 503 508 104
766 453 919 510 XXXVIII.
939 454 978 508 De
998 454 1115 508 Concilio
1134 454 1303 512 TridentIno.
1355 530 1356 533 Ἴ

450 617 635 660 convocare
674 592 814 660 Romam
859 620 900 661 ex
937 598 1091 662 omnibus
1130 599 1281 684 partibus
1321 603 1490 686 episcopos
1526 602 1563 664 ad

450 693 646 778 disciplinae
676 715 715 756 ac
747 716 874 758 morum
907 697 1174 760 reformationem
1208 698 1460 764 conficiendam.
1506 698 1563 763 Sed

450 813 525 855 cum
550 789 614 854 illis
638 793 726 854 curis
743 791 955 874 detineretur,
981 795 1078 857 annis
1094 795 1207 878 gravis
1223 796 1342 859 Incidit
1357 799 1392 859 in
1411 795 1563 871 morbum,

414 968 416 977 χ
450 889 595 955 maxime
626 889 667 952 ob
699 912 884 974 aerumnas,
917 893 1085 955 tristitiam
1122 901 1154 954 et
1182 892 1458 976 indignationem,
1490 915 1564 978 quae

302 1315 369 1355 Pauli
383 1313 418 1352 111

327 1389 394 1418 mora.

450 991 479 1052 ei
504 986 769 1072 supervenerunt
793 1010 835 1051 ex
858 989 1045 1053 resistentia
1069 989 1203 1054 Octavii
1227 991 1373 1076 nepotis3
1407 991 1461 1054 hic
1485 991 1564 1054 vide·

448 1085 527 1148 licet
562 1085 727 1148 mandatis
762 1085 935 1150 Pontificis
975 1087 1202 1172 obtemperare
1240 1088 1434 1167 recusabat,
1473 1111 1563 1175 quum

449 1183 573 1247 Paulus
598 1183 705 1264 vellet,
731 1193 768 1247 ut
783 1185 937 1249 Parmam
961 1187 1025 1270 ipsi
1048 1187 1081 1249 in
1098 1186 1233 1250 feudum
1261 1210 1451 1252 concessam
1464 1187 1564 1251 Eccle-

451 1283 518 1346 siae
542 1285 738 1366 restitueret,
764 1305 805 1346 ac
828 1282 899 1346 loeo
925 1285 1029 1368 ipsius
1047 1281 1261 1348 Camerinum
1276 1287 1453 1370 acciperet.
1484 1285 1564 1351 Obiit

450 1378 573 1443 Paulus
596 1379 648 1443 Ill
680 1380 733 1443 die
767 1380 826 1444 100
848 1380 1053 1445 Novembeis
1086 1405 1115 1448 a.
1144 1385 1228 1448 1549
1260 1386 1356 1448 annis
1389 1393 1421 1447 et
1451 1386 1564 1447 meritis

451 1477 577 1561 plenus.
635 1478 857 1542 immoderato
906 1501 983 1562 erga
1021 1482 1157 1565 stirpem
1193 1503 1304 1544 amore
1342 1481 1482 1544 humani
1519 1480 1564 1544 ali·

451 1576 531 1660 quid
561 1598 678 1661 passus
710 1586 767 1657 est,
802 1577 890 1661 quod
922 1579 993 1662 ipse
1026 1581 1164 1661 agnovit
1197 1578 1275 1642 dum
1300 1581 1446 1643 moriens
1474 1579 1565 1642 dixit:

451 1673 489 1738 Sa·
519 1677 580 1738 urei
616 1697 681 1739 aaa
717 1674 843 1757 fuerint
880 1675 1055 1754 dominati,
1104 1688 1176 1740 tatae
1214 1675 1436 1740 immaculatus
1470 1698 1565 1740 essem.

451 1772 626 1836 Caeterum
651 1781 786 1857 propter
809 1774 958 1855 virtutes,
991 1776 1094 1837 animi
1119 1777 1277 1860 vigorem,
1308 1776 1492 1860 sapientem
1515 1773 1566 1837 Ec·

450 1868 569 1932 clasiae
608 1869 901 1953 gubernationem,
949 1872 1223 1956 praeclarissimis
1262 1873 1490 1937 accensendus
1527 1881 1567 1934 est
1621 1922 1627 1957 ,

450 1966 711 2048 Pontificibus.¹)
1623 1985 1624 1993 ’

972 2383 1054 2446 111.

574 2522 750 2587 Concedite·
774 2523 1012 2588 tridentini
1036 2524 1238 2603 periodus
1261 2525 1457 2588 secunda.

540 2697 593 2764 57.
641 2698 719 2762 Post
750 2701 884 2763 tertium
920 2723 939 2763 a
970 2699 1069 2762 Pauli
1109 2700 1201 2764 obitu
1239 2722 1387 2764 mensem
1412 2696 1564 2762 'Pontifex

450 2799 659 2860 renuntiatus
691 2796 754 2860 fuit
777 2797 924 2861 Jcannes
949 2798 1055 2861 illaria
1089 2796 1275 2862 Cardinalis
1299 2797 1488 2876 Montanus,
1518 2794 1561 2879 qui

452 2895 485 2956 in
519 2892 667 2957 Concilio
699 2894 895 2958 Tridentino
931 2897 1058 2980 primus
1092 2895 1200 2959 fuerat
1230 2895 1373 2980 legatus3
1415 2895 1499 2960 Jotii
1523 2891 1565 2954 lll

452 3013 572 3054 nomen
599 2991 661 3054 sibi
688 2992 819 3076 delegit.
850 2993 1012 3056 Mediocri
1037 3003 1135 3057 natus
1158 3016 1278 3078 genere
1302 2993 1367 3056 fuit
1391 2991 1500 3058 Julius
1514 2987 1561 3060 lll‚

460 3260 463 3269 Ι
526 3279 548 3344 ¹)
568 3279 608 3331 De
633 3278 691 3344 ipso
719 3276 839 3332 breviter
868 3283 896 3329 et
925 3278 1053 3332 conciune
1072 3277 1270 3331 Pallavicinus:
1300 3276 1393 3341 „Obiit
1420 3275 1517 3329 Paulus
1533 3267 1559 3324 lll

452 3358 555 3412 decima
573 3356 732 3411 NovembrIs
760 3357 977 3411 dieauni1549
1008 3364 1150 3425 postquam
1179 3374 1262 3410 annos
1291 3357 1445 3423 quindecim
1463 3355 1560 3409 sederat.

452 3439 617 3494 clarissimae
645 3437 788 3492 memoriae
812 3442 949 3506 princeps3
979 3444 1011 3493 ut
1036 3439 1081 3505 qui
1107 3439 1199 3493 urbem
1218 3439 1331 3491 Romam
1356 3453 1411 3491 non
1437 3436 1559 3489 amaverat

452 3521 536 3583 modo,
564 3519 610 3572 sed
634 3533 720 3585 paene
744 3518 778 3571 ad
797 3518 884 3571 vitam
903 3525 1088 3583 revocaverat,
1115 3519 1214 3585 quippe
1233 3519 1308 3586 cujus
1328 3517 1376 3570 viu
1401 3517 1448 3570 ille
1468 3515 1560 3569 cadaver

453 3602 605 3667 direptione
630 3597 810 3652 deformatum
838 3605 934 3654 nactus
963 3598 1061 3654 fuerat.
1100 3599 1317 3653 Ecclesiasticam
1346 3597 1477 3651 ditionem
1503 3589 1559 3646 bellis

453 3682 528 3748 prius
556 3681 728 3732 devastatam
756 3685 973 3733 restauraverat:
1004 3681 1133 3734 Senatum
1151 3680 1316 3733 Vaticanum
1335 3679 1404 3732 viris
1423 3681 1509 3730 aetate
1524 3685 1558 3723 sua

454 3763 535 3829 louge
554 3758 796 3827 praestantissimis
815 3760 1054 3815 cohonestaverat:
1085 3775 1160 3812 arma
1178 3759 1285 3825 saepius
1304 3764 1430 3812 moverat
1455 3757 1559 3808 adversus

455 3843 559 3895 Christi
574 3840 672 3902 hostes,
698 3838 828 3899 catholico
847 3842 981 3910 sanguine
1001 3857 1017 3893 a
1036 3857 1064 3894 se
1083 3855 1221 3905 nunquam
1241 3853 1377 3906 respersa:
1407 3833 1558 3891 inchoaverat

455 3925 554 3989 dluque
574 3924 745 3987 promoverat
766 3919 922 3976 Concilium,
944 3937 977 3974 ex
996 3919 1141 3992 obstaculis
1160 3919 1331 3987 perarduum,
1352 3934 1386 3971 ex
1406 3917 1481 3970 rebus
1497 3913 1521 3966 in
1535 3921 1557 3959 0⁰

455 4001 571 4072 agitatis
590 3997 789 4065 amplissimum,
816 4007 844 4053 et
869 4003 903 4054 ad
922 4002 1100 4069 reparandam
1119 3999 1288 4067 discipliuam
1307 3998 1488 4065 praevalidum
1503 3993 1558 4044 inter

455 4083 569 4149 reliqua,
595 4093 663 4145 quae
681 4093 799 4142 unquam
819 4081 846 4134 in
866 4083 989 4136 Ecclesia
1008 4082 1180 4135 coaluissent.
1217 4079 1399 4133 Immcderato
1422 4091 1491 4131 suam
1507 4079 1558 4132 erga

454 4164 569 4231 stirpem
592 4176 685 4216 amore·
709 4171 737 4209 se
756 4157 890 4215 hominem
915 4162 1050 4228 prodidit;
1079 4161 1111 4214 de
1140 4160 1242 4225 reliquo
1268 4158 1358 4212 hercle
1385 4170 1476 4210 nomen
1499 4143 1554 4215 apul

455 4244 604 4298 Ecclesiam
624 4244 736 4297 meritus
755 4245 822 4293 est.“
859 4243 931 4295 Hist.
951 4242 1030 4295 Cone.
1051 4241 1124 4296 Trid,
1145 4241 1173 4292 L.
1194 4239 1241 4292 XI.
1262 4239 1290 4292 Ο.
1313 4238 1359 4294 VI.
1378 4255 1404 4293 u.
1423 4237 1447 4290 4.
