3288 4900
513 491 626 546 Concilii
645 493 770 559 periodus
789 493 884 559 prima.
1251 493 1286 548 87

167 637 270 700 Causa
294 646 467 722 praetexta
491 659 550 700 cur
573 637 609 700 id
631 636 731 700 fuerit
754 659 773 700 a
796 635 914 718 legatis
945 637 1165 721 propositum,
1202 646 1233 700 et
1266 659 1285 700 a

169 733 315 798 Patribus
340 737 374 798 in
398 735 545 816 generali
570 757 725 798 consessu
749 733 918 814 statutum,
944 756 983 796 ea
999 734 1071 816 fuit,
1096 755 1161 819 quo
1178 734 1285 800 tribus

168 834 199 895 in
220 832 300 897 locis
325 833 464 897 celerius
488 842 521 896 et
545 832 678 896 uberius
702 832 743 895 de
767 831 866 895 rebus
890 831 1137 914 deliberaretur,
1161 833 1285 897 liceret·

167 953 225 1014 que
249 931 390 1014 singulis
414 929 584 1014 disputare
621 930 704 993 citra
737 930 979 1012 confusionem,
1018 953 1118 1015 quam
1158 953 1287 1016 semper

166 1031 276 1112 ingens
302 1029 559 1093 deliberantium
584 1049 740 1091 numerus
770 1029 866 1112 parit,
898 1037 931 1091 et
962 1050 1037 1090 cum
1063 1051 1101 1092 ea
1124 1028 1285 1112 libertate,

164 1151 245 1212 quae
270 1138 372 1192 extra
403 1128 570 1191 theatrum
602 1135 783 1206 exercetur,
817 1125 1029 1210 loquentibus
1060 1127 1199 1211 singulis
1227 1149 1285 1192 suo

164 1225 324 1290 arbitratu
348 1249 406 1290 seu
430 1225 532 1289 latino
557 1246 612 1288 seu
638 1225 743 1308 patrio
769 1247 808 1288 ao
832 1224 986 1288 familiari
1012 1246 1172 1290 sermone.
1221 1226 1285 1292 Sed

161 1323 342 1408 legatorum
377 1347 470 1388 mens
493 1325 557 1387 tria
580 1332 749 1408 praeterea
773 1324 806 1385 iu
832 1344 868 1385 eo
901 1321 1072 1406 spectabat
1103 1323 1286 1388 commoda.

163 1422 310 1485 Primum
335 1432 407 1486 erat
429 1424 513 1486 ratio
537 1421 634 1506 longe
657 1420 788 1485 facilior
813 1420 1035 1484 moderandae
1052 1420 1286 1504 multitudinis,

162 1520 194 1581 iu
217 1529 285 1583 tres
310 1520 404 1605 quasi
427 1519 553 1583 rivulos
569 1527 769 1601 attenuatae,
794 1540 893 1602 quam
911 1519 945 1582 in
961 1520 1128 1603 ingentem
1146 1518 1286 1584 fluvium
1312 1511 1315 1524 ¹

163 1619 424 1682 intumescentis.
455 1617 604 1681 'Alterum
630 1626 709 1694 erat,
735 1639 794 1701 per
810 1639 883 1679 eam
899 1617 1110 1701 partitionem
1126 1617 1286 1702 perfringi

162 1715 322 1780 factiones
346 1725 379 1779 et
401 1715 544 1797 foedera,
578 1714 699 1801 quibus
722 1715 837 1778 Patres
868 1715 987 1778 irretiri
1018 1723 1151 1799 possent
1181 1715 1287 1800 eujus·

162 1815 250 1897 piam
277 1813 331 1876 vel
355 1815 551 1878 auctoritate
575 1812 629 1876 vel
653 1821 733 1876 arte.
780 1812 998 1891 Postremum,
1027 1834 1091 1897 quo
1116 1814 1286 1894 vitaretur,

162 1934 202 1974 ne
227 1913 303 1996 quis
326 1913 461 1996 ingenio
486 1910 686 1992 turbulento,
715 1909 771 1974 sed
797 1909 894 1974 simul
919 1909 1052 1974 dicendi
1077 1909 1288 1974 vehementia
1345 1921 1348 1928 ⁴

163 2019 194 2072 et
218 2008 409 2093 eloquentia
431 2010 612 2094 praeditus,
645 2009 838 2072 universum
869 2018 1069 2072 conventum
1095 2007 1138 2073 ad
1161 2008 1288 2094 aliquid

160 2108 386 2191 perniciosum
412 2107 452 2171 de
475 2116 612 2192 repente
635 2105 826 2191 impelleret.
839 2107 860 2186 1)

251 2205 305 2270 33.
354 2204 498 2268 86661666
531 2206 640 2283 tertia,
666 2204 719 2267 die
742 2204 781 2266 4⁰
805 2205 927 2267 mensis
943 2203 1116 2268 Februarii
1141 2205 1287 2286 61546,

161 2312 376 2366 sacrosancta
401 2300 556 2386 Synodus
581 2301 770 2366 solemniter
803 2303 913 2365 emisit
942 2302 1178 2386 professionem
1192 2301 1288 2365 ‘fidei

160 2399 322 2484 Symbolo
362 2403 509 2481 recitato,
551 2400 707 2483 „Petrum
744 2399 897 2484 exempla
921 2400 956 2462 in
981 2399 1044 2463 hoc
1069 2409 1191 2477 secuta,
1231 2401 1287 2486 qui

159 2497 400 2561 sacratioribus
422 2497 582 2561 Conciliis
615 2497 678 2561 hoc
703 2507 834 2562 scutum
859 2506 974 2560 contra
998 2519 1113 2560 omnes
1135 2496 1288 2562 haereses

159 2596 195 2657 in
229 2596 396 2680 principio
428 2598 595 2660 actionum
628 2618 763 2659 suarum
795 2617 962 2679 apponere
987 2598 1220 2661 consuevere.“
1246 2635 1288 2644 -

160 2690 309 2756 Sesaione
340 2715 418 2757 vero
451 2703 568 2778 quarta
600 2692 653 2756 die
687 2693 723 2757 8⁰
757 2694 878 2757 mensis
901 2692 1041 2778 Aprilis,
1080 2702 1116 2756 ut
1157 2716 1289 2776 ,omnes

161 2790 361 2875 intelligant,
399 2813 463 2876 quo
496 2791 611 2855 ordine
643 2801 675 2855 st
706 2793 761 2855 via
785 2793 858 2876 ipsa
881 2790 1037 2876 Synodtrs
1068 2792 1288 2876 post‘jactum

160 2888 240 2952 fidei
265 2887 522 2952 fundamentum
554 2891 595 2952 sit
618 2911 841 2973 progressura,
874 2900 907 2953 et
936 2889 1057 2975 quibus
1081 2890 1287 2974 potissimum

159 2987 361 3050 testimoniis
397 3008 436 3050 ao
474 2986 650 3071 praesidiis
683 2989 716 3050 in
750 2987 986 3052 confirmandis
1011 2986 1221 3070 dogmatibus
1258 2996 1290 3050 et

162 3084 393 3148 instaurandis
417 3086 452 3148 in
476 3085 627 3148 Ecclesia
652 3084 799 3149 moribus
824 3087 866 3149 sit
894 3087 1025 3164 usu'ra‚“
1052 3085 1185 3149 decreta
1209 3085 1289 3148 cele·

162 3183 311 3246 berrima
343 3182 384 3244 de
420 3184 580 3246 canonicis
615 3182 807 3268 Scripturis,
844 3205 882 3246 ac
916 3182 957 3246 (16
992 3184 1129 3246 editione
1168 3193 1197 3245 et
1231 3206 1289 3246 usu

161 3302 326 3342 sacrorum
350 3276 501 3344 librorum
524 3280 784 3365 promulgarunt.
834 3280 871 3343 In
897 3280 959 3344 hac
984 3283 1128 3362 sessione
1152 3281 1290 3344 aderant

161 3377 206 3440 62
226 3377 355 3458 Patres,
379 3401 418 3441 ao
442 3387 611 3463 praeterea
635 3379 677 3441 37
703 3401 727 3442 s.
752 3377 937 3461 theologiae
962 3377 1153 3464 doctoresfl)
1200 3379 1290 3442 Inter

161 3477 279 3538 Patres
309 3474 444 3539 fuerunt
466 3499 535 3557 sex,
567 3478 622 3561 qui
648 3477 815 3561 proposita
840 3478 1046 3561 quaestione,
1077 3499 1120 3540 an
1146 3477 1290 3562 placeret

161 3572 347 3654 decretum,
361 3595 427 3636 666
436 3573 807 3659 simplicitarassensum
818 3573 989 3651 dederunt,
1002 3573 1289 3637 sedrestrictiones

161 3670 327 3756 quasdam
352 3670 512 3734 fecerunt.

255 3767 309 3830 34.
349 3767 460 3852 Atque
484 3767 546 3832 hac
571 3769 743 3832 occasione
768 3790 875 3853 pauca
901 3767 1043 3832 dicenda
1067 3767 1225 3831 videntur
1249 3767 1289 3832 de

162 3852 391 3951 quaestione,
414 3875 521 3929 utrum
558 3867 592 3929 in
628 3865 777 3930 Concilio
813 3865 1023 3946 Tridentino,
1064 3865 1153 3950 quod
1187 3865 1288 3952 aliqui

164 3965 286 4027 nostris
311 3962 429 4027 diebus
454 3963 703 4046 contenderunt,
736 3985 776 4026 ea
799 3963 899 4026 fuerit
922 3985 1037 4026 norma
1061 3957 1222 4044 adhibita,
1254 3972 1291 4026 ut

242 4121 263 4193 ¹)
286 4121 339 4178 cfr.
360 4121 522 4176 Pallavicini
541 4123 576 4178 H.
596 4121 624 4178 C.
644 4123 674 4179 T.
694 4122 725 4178 L.
745 4123 792 4174 VI.
813 4122 842 4179 Ο.
862 4121 940 4176 VIlI.
959 4138 1004 4174 66.
1024 4125 1049 4178 4.
1070 4123 1094 4176 5.

168 4274 192 4326 Τ
221 4203 262 4326 I²l
284 4202 469 4327 Mppsarellus
499 4205 568 4255 Acta
594 4201 672 4256 Cone.
698 4202 780 4267 Trid,
809 4218 850 4269 ap.
870 4201 995 4267 Theiner,
1014 4205 1084 4256 Aota
1112 4201 1190 4257 Conc.
1217 4201 1291 4258 Trid.

195 4316 200 4328 .
237 4290 288 4340 .p.
328 4312 351 4326 .,
