3020 4908
387 467 428 520 ιιι
447 464 623 520 Pontificibus
642 448 744 518 staur
762 463 866 520 xvnr
1135 461 1189 514 405

64 614 278 677 innocentiae
302 613 391 674 viam
416 608 645 694 praecluderet
667 616 724 672 aut
711 606 935 671 tcalumniae
958 604 1068 670 locum
1085 604 1178 668 daret
1165 605 1253 707 ξιξ
1242 603 1347 706 01’2211

62 712 123 776 sed
158 720 232 797 post
219 717 402 773 tmortem
435 707 606 771 Laurentii
641 705 734 769 Ricci
767 704 834 791 (20.
862 705 948 768 Nov.
985 701 1084 788 1775)
1118 703 1188 788 ejus
1256 740 1304 769 na

63 810 283 893 concaptivos
306 829 349 870 ex
372 828 449 870 arce
474 805 609 868 dimisit.
1278 829 1281 832 ·

156 905 348 971 35.1nit·t10
371 913 452 988 pont
439 904 583 967 tificatus
599 903 651 966 Pii
668 901 716 964 VI
736 901 806 964 dies
822 899 972 964 meliores
988 899 1191 963 videbantur

62 1005 270 1084 illucescere,
296 1012 329 1066 et
343 1001 431 1066 Pont
432 1002 536 1064 ifext
523 1009 594 1064 tum
617 999 717 1064 rebus
741 998 921 1062 ecclesiast
899 999 973 1061 trcis
996 1005 1066 1060 tum
1090 996 1190 1060 rebus

62 1101 233 1183 civilibus,
257 1100 384 1164 artibus
408 1123 447 1163 ac
472 1098 656 1183 disciplinis
672 1096 908 1182 promovendis
924 1117 1044 1180 magno
1061 1095 1189 1159 fervore

65 1199 285 1265 adlaboravit.
332 1198 398 1267 Sed
429 1219 507 1260 mox
531 1204 681 1281 tempora
708 1195 918 1258 advenerunt
947 1195 1047 1256 etiam
1073 1191 1189 1255 diffici-

60 1299 148 1363 liora
172 1300 212 1361 iis
236 1319 320 1383 quae
344 1304 601 1381 praecesserant.
648 1292 815 1377 Josephus
838 1294 872 1355 II
895 1292 1096 1376 Imperator,
1131 1292 1188 1375 qui

60 1420 95 1461 a.
129 1395 216 1459 1765
253 1395 339 1479 patri
377 1394 556 1457 Francisco
595 1392 611 1456 Ι
649 1394 685 1455 in
722 1393 865 1476 Imperio
905 1399 937 1454 et
975 1411 1062 1454 anno
1103 1387 1189 1451 1780

61 1495 163 1558 matri
193 1494 320 1557 Mariae
343 1491 521 1555 Therasiae
552 1492 586 1552 in
617 1491 810 1573 Hungariae
848 1498 880 1553 et
909 1487 1089 1552 Bohemiae
1120 1507 1189 1570 reg-

61 1595 117 1655 nis
148 1590 287 1675 aliisque
317 1589 434 1652 domus
462 1588 658 1652 Austriacae
688 1588 859 1652 territoriis
891 1586 1063 1667 successit,
1098 1585 1188 1667 inno-

61 1687 258 1753 vationibus
289 1688 357 1750 suis
387 1686 501 1750 turbas
529 1708 647 1770 graves
679 1687 713 1749 in
738 1684 889 1749 Ecclesia
920 1683 1088 1747 excitavit.
1111 1711 1112 1714 ¹
1136 1682 1188 1745 De

63 1787 117 1852 his
141 1784 432 1863 innovationibus,
469 1784 591 1869 quibus
622 1783 833 1868 disciplinam
865 1792 896 1846 et
920 1782 1187 1845 constitutionem

62 1883 235 1949 Ecclesiae
268 1883 414 1966 graviter
437 1880 603 1964 violabat,
637 1904 676 1945 ac
699 1881 862 1966 gubernio
886 1880 977 1944 civili
1002 1879 1188 1944 Ecclesiam

58 1984 196 2068 penitus
221 1982 411 2064 mancipare
435 1979 606 2062 studebat,
641 1979 778 2043 inferius
802 1978 897 2064 plura
922 1978 1086 2059 dicemus3
1108 1977 1201 2048 ¹suf--

58 2081 155 2144 ficiat
178 2078 234 2142 hic
258 2088 382 2159 notare,
408 2099 545 2162 magnas
569 2077 808 2141 amaritudines
831 2076 910 2140 inde
925 2076 1078 2140 Pontifici
1098 2085 1187 2139 ortas

56 2199 144 2242 esse.
191 2177 370 2262 Postquam
393 2176 473 2238 Pius
496 2176 549 2239 VI
578 2174 730 2260 pluribus
752 2174 870 2238 litteris
901 2175 1021 2257 frustra
1050 2183 1187 2237 conatus

57 2285 111 2339 est
127 2277 365 2359 Imperatorem
390 2273 433 2337 ad
457 2273 626 2337 meliorem
651 2273 784 2357 frugem¹
803 2293 982 2354 revocare,¹
995 2293 1081 2335 anno
1101 2272 1187 2335 1782

62 2372 239 2437 consilium
275 2373 363 2456 cepit
386 2370 570 2455 Josephum
595 2372 749 2435 Viennae
782 2370 968 2453 invisendi,
1005 2378 1041 2432 ut
1076 2391 1187 2433 coram

56 2493 140 2534 cum
174 2472 244 2555 ipso
278 2470 319 2533 de
352 2469 523 2532 Ecclesiae
556 2471 697 2554 negotiis
733 2477 854 2552 ageret.
911 2467 1074 2548 Quamvis
1107 2488 1186 2531 vero

57 2569 174 2655 plures
208 2591 251 2632 ex
287 2567 522 2632 Cardinalibus
556 2567 752 2631 Pontificem
792 2565 1059 2647 dehortarentur,
1098 2565 1187 2649 quod

55 2675 252 2747 censerent,
289 2665 396 2729 nullos
421 2665 520 2750 hujus
544 2667 673 2729 itineris
707 2665 776 2729 fore
800 2664 943 2745 fructus,
980 2663 1186 2747 pontificiam

57 2785 142 2828 vero
168 2764 362 2848 dignitatem
388 2763 593 2848 contemptui
611 2765 799 2846 expositum
824 2763 875 2843 iri,
899 2762 979 2824 Pius
996 2760 1045 2824 VI
1069 2760 1186 2824 nihilo-

56 2863 173 2925 minus
198 2860 371 2926 consilium
396 2884 492 2924 suum
518 2871 677 2924 executus
702 2869 759 2942 est,
784 2869 875 2924 ratus
899 2882 1013 2923 omnes
1029 2859 1186 2923 adhiben-

54 2960 121 3024 dos
155 2981 225 3022 esse
258 2968 412 3041 conatus,
449 2969 485 3022 ut
509 2958 596 3022 mala
628 2958 670 3022 ab
696 2911 847 3022 Ecclesia
880 2966 1051 3023 averteret.
1100 2958 1186 3021 Cum

53 3056 217 3120 Pontifex
248 3057 363 3120 decem
387 3079 490 3142 prope
512 3056 617 3120 leucis
648 3079 668 3119 a
692 3058 828 3120 civitate
796 3055 1102 3119 tVindebonensi
1131 3055 1185 3118 ab·

52 3164 165 3235 esset,
197 3155 434 3239 Imperatorem
458 3154 643 3239 Josephum
674 3176 749 3217 cum
774 3154 915 3217 fratre
906 3155 1009 3238 ipsius
1033 3153 1186 3217 Maximi·

52 3253 150 3315 liano
175 3250 310 3316 Ordinis
333 3252 509 3316 Teutonici
533 3252 692 3336 Magistro
724 3251 859 3315 obviam
892 3249 1019 3316 habuit.
1066 3251 1166 3315 Ab''
1145 3273 1186 3314 ns

52 3351 115 3414 die
148 3349 207 3413 22⁰
231 3350 343 3413 Martii
375 3373 403 3416 a.
432 3351 559 3414 1782
551 3372 586 3413 1n
617 3349 733 3413 urbem
766 3349 928 3413 deductus
959 3359 1023 3431 est,
995 3349 1158 3412 tubi
1150 3371 1184 3411 m

51 3447 184 3533 palatio
216 3447 380 3532 imperiali
413 3469 517 3532 usque
548 3447 591 3511 ad
624 3447 711 3510 diem
743 3448 826 3511 22¹¹¹¹¹
850 3447 975 3533 Aprilis
1006 3399 1184 3518 dommora-

54 3546 170 3609 batur.
216 3546 371 3610 Pontifex
403 3569 462 3630 per
491 3547 570 3609 istas
601 3544 830 3614 hebdomadas
861 3545 1012 3608 Viennae
1044 3566 1184 3608 commo·

50 3666 138 3707 rans
172 3645 318 3707 maxima
351 3643 485 3728 quidem
514 3643 628 3729 populi
653 3645 866 3707 veneratione
899 3652 933 3706 et
964 3643 1184 3706 admiratione
1285 3684 1287 3688 -

51 3742 257 3823 honoratus,
294 3740 336 3804 ab
360 3741 496 3827 Imperii
530 3763 608 3804 vero
643 3741 837 3805 administro
865 3741 1012 3804 Kaunitz
1046 3740 1184 3824 indigne

51 3839 199 3902 habitus
228 3848 292 3920 est,
330 3849 361 3902 et
393 3838 436 3903 ab
465 3838 697 3924 ephemeribus
731 3838 874 3924 publicis
898 3838 1029 3923 injuriis
1062 3837 1183 3900 afficie-

53 3938 168 4001 batur.
214 3937 398 4022 Imperator
429 3937 469 4000 de
494 3939 635 4020 negotiis
660 3937 891 4000 ecclesiasticis
923 3945 1075 3999 oretenus
1107 3956 1183 3997 cum

50 4034 221 4098 Pontifice
245 4044 385 4098 tractare
409 4036 536 4115 renuit,
562 4036 784 4120 ignorantiam
808 4032 988 4118 quamdam
1012 4033 1181 4113 simulans,

51 4155 176 4218 resque
212 4134 268 4196 via
302 4132 570 4196 administrativa
612 4155 670 4218 per
705 4131 910 4195 consiliarios
949 4152 1024 4194 suos
1061 4130 1182 4194 discuti

50 4229 174 4296 voluit.
223 4229 262 4293 Id
286 4239 397 4294 tamen
420 4231 499 4293 Pius
523 4231 571 4293 VI
596 4230 756 4312 obtinuit,
781 4239 817 4292 ut
841 4232 1025 4314 Imperator
1048 4231 1183 4314 promit-
