3288 4900
445 401 495 452 106
757 399 914 453 XXXVIII.
933 399 974 453 Dc
993 399 1111 453 Concilio
1129 400 1299 454 Tridentino.

271 542 431 653 Pgffi‘gff
445 543 579 606 comitia
604 542 743 606 multum
780 542 879 606 nubis
902 543 1083 627 abegerant
1118 543 1159 607 ab
1184 545 1294 606 animo
1319 544 1413 625 Julii,
1438 554 1504 607 tum
1527 548 1555 607 in

270 617 284 654 p
328 670 372 705 tus.
442 662 479 703 eo
505 639 593 725 quod
617 639 660 703 ad
676 662 889 704 communem
906 640 1076 704 Ecclesiae
1091 663 1170 718 rem,
1196 651 1266 704 tum
1291 643 1322 704 in
1350 664 1388 706 co
1413 642 1498 727 quod
1520 642 1554 705 ad

441 741 550 824 ipsum
574 738 703 804 Julium
727 740 885 824 privatim
910 738 1106 823 pertinebat.
1154 741 1246 803 Dum
1270 739 1382 804 Julius
1405 739 1555 824 legatione

441 836 651 920 fungebatur,
677 837 855 900 induxerat
872 838 1081 913 inanimum,
1099 836 1184 901 velle
1198 835 1386 920 Caesarem,
1409 849 1446 902 ut
1461 861 1557 902 novus

439 935 596 1018 Pontifex
613 936 646 998 in
664 933 852 1021 Germania·
871 935 924 999 vel
941 935 1092 999 Tridenti
1118 944 1293 1016 crearetur,
1319 936 1499 1020 eademque
1520 936 1554 999 de

441 1055 540 1097 causa
572 1035 715 1122 retinere
738 1032 785 1096 ibi
810 1034 1041 1117 episcoporum
1067 1053 1214 1114 manum,
1246 1032 1411 1118 simulque
1435 1043 1553 1097 conten·

441 1130 528 1212 dere,
553 1129 726 1215 Synodum
752 1129 863 1194 adhuc
888 1130 936 1194 ibi
961 1133 1156 1212 consistere3
1182 1141 1282 1217 atque
1306 1131 1386 1195 huic
1412 1131 1495 1196 fixus
1516 1134 1554 1195 in-

440 1229 600 1293 haerebat
630 1230 847 1314 persuasioni.
895 1231 1018 1293 Postea
1049 1238 1160 1292 tamen
1192 1240 1409 1315 perspexerat
1447 1231 1557 1294 mentis

440 1350 599 1391 essenon
626 1327 791 1410 malignae
816 1327 931 1407 solum,
958 1327 1015 1390 sed
1041 1327 1196 1411 vulgaris,
1223 1327 1263 1390 de
1287 1326 1428 1391 aliorum
1453 1327 1553 1392 volun·

440 1435 507 1490 tate
541 1427 717 1490 deterrima
753 1447 904 1511 quaeque
940 1433 1099 1510 tanquam
1133 1425 1376 1490 verisimillima
1409 1427 1472 1490 sibi
1496 1449 1554 1511 per·

440 1523 589 1589 euadere.
639 1521 853 1608 Compererat
883 1526 994 1609 itaque
1025 1546 1094 1587 rem
1118 1524 1214 1587 aliter
1238 1546 1272 1587 sc
1297 1524 1430 1605 habere,
1465 1547 1554 1610 quum

440 1623 721 1687 animadverteret
733 1647 753 1687 a
767 1620 909 1686 Caesare
926 1622 1009 1686 nihil
1027 1644 1159 1708 prorsus
1176 1625 1254 1686 novi
1275 1621 1439 1703 moliente,
1457 1624 1554 1686 statim

440 1723 578 1784 missum
609 1721 711 1784 fuisse
743 1721 908 1784 Paeecum
933 1720 1092 1784 Tridento
1121 1721 1163 1784 ad
1190 1721 1333 1784 Comitia
1358 1718 1558 1804 Vaticana.²)

441 1813 540 1899 Quod
565 1818 737 1904 spectabat
760 1819 800 1881 ad
827 1821 1041 1903 seprivatinr,
1066 1821 1274 1882 existimarat
1296 1821 1459 1904 proximis
1475 1840 1554 1902 supe·

440 1916 583 1980 rioribus
614 1912 710 1981 annis
742 1915 918 1980 Caesarem
953 1917 1016 1980 sibi
1051 1919 1197 1980 maxime
1233 1918 1417 1998 infensum,
1455 1924 1555 2000 utpote

441 2017 567 2078 auctori
591 2015 817 2079 translationis
843 2014 1005 2095 Concilii3
1031 2015 1088 2078 sed
1114 2015 1171 2078 ubi
1196 2014 1239 2078 ad
1263 2037 1332 2079 rem
1347 2009 1553 2091 ventum'est,

441 2115 669 2196 experimento
702 2115 871 2198 comperit,
908 2112 1028 2176 multos
1061 2111 1337 2201 Caesarianorum
1370 2112 1439 2176 sibi
1467 2113 1556 2175 fuisse

440 2212 648 2294 suffragatus,
674 2211 762 2274 unde
787 2211 927 2294 collegit,
953 2210 1034 2274 alios
1059 2213 1188 2295 privato
1214 2210 1361 2290 consilio,
1388 2233 1455 2275 non
1478 2231 1553 2272 man·

441 2310 518 2373 dato
540 2309 712 2391 Caesareo,
738 2309 802 2372 sibi
826 2309 1029 2374 adversatos.
1069 2309 1165 2388 Quod
1193 2309 1372 2394 plurimum
1399 2309 1553 2372 confirma·

441 2417 565 2471 verunt
588 2417 785 2491 argumenta
808 2407 965 2487 laetitiae,
991 2429 1076 2492 quae
1100 2407 1264 2471 Bertanus
1288 2407 1436 2471 Nuntius
1459 2404 1557 2470 retulit

441 2529 460 2569 a
486 2503 626 2569 Caesare
651 2515 683 2568 et
707 2505 795 2569 Aula
809 2505 971 2569 Caesarea
995 2505 1037 2568 ob
1062 2505 1133 2590 ejus
1158 2503 1352 2568 electionem
1378 2513 1552 2589 conceptae.
1614 2494 1615 2497 ¹

443 2604 575 2667 Etenim
616 2603 896 2688 quemadmodum
941 2602 999 2667 ubi
1044 2603 1217 2687 quidpiam
1262 2604 1358 2667 nobis
1397 2603 1553 2667 molestum

441 2702 574 2782 accidit,
592 2700 683 2765 aliud
700 2703 874 2766 contrariis
889 2700 1078 2786 praeditum
1096 2699 1344 2764 conditionibus
1361 2711 1552 2786 exoptamus,

442 2802 488 2862 ita
513 2810 697 2883 postremae
722 2801 808 2863 inter
831 2799 975 2863 Paulum
1001 2808 1032 2861 et
1057 2797 1212 2863 Carolum
1237 2800 1437 2861 offensiones
1462 2793 1552 2861 Caroli

442 2898 592 2961 animum
623 2896 840 2961 stimulabant
871 2897 914 2960 ad
948 2897 1173 2981 expetendum
1205 2897 1404 2959 Pontificem
1436 2896 1553 2960 omnino

443 2994 648 3076 dissimilem,
674 2995 860 3080 eujusmodi
877 2994 989 3058 Julius
1013 2993 1220 3076 censebatur,
1245 2997 1355 3079 utqui
1372 2994 1553 3078 patientiore

442 3096 553 3157 animo
579 3102 658 3174 erat,
691 3096 825 3176 ingenio
850 3094 957 3176 magis
988 3091 1140 3174 flexibili,
1174 3092 1320 3156 consiliis
1354 3090 1551 3177 planioribus,

442 3192 564 3254 affectu
589 3211 653 3276 quo
679 3191 722 3255 ad
746 3193 828 3255 iram
855 3192 890 3254 in
914 3190 1026 3253 verbis
1051 3191 1213 3275 proniori,
1246 3212 1283 3253 eo
1308 3192 1435 3275 pariter
1457 3188 1498 3252 ad
1518 3207 1548 3249 rc

443 3287 710 3353 conciliationem
748 3288 960 3374 procliviori,
995 3297 1174 3373 antequam
1205 3289 1381 3351 iracundia
1417 3291 1451 3351 in
1482 3287 1550 3349 facta

443 3386 712 3470 prorumperetfl)

516 3546 536 3610 ¹)
555 3545 631 3598 Haec
649 3546 816 3599 attendenda
835 3546 917 3599 etiam
937 3551 1009 3598 sunt.
1029 3552 1061 3599 ut
1076 3546 1207 3614 judicium
1227 3545 1334 3599 feratur
1345 3548 1377 3600 de
1391 3542 1549 3600 translatione

443 3625 556 3679 Concilii
575 3626 729 3679 Tridentini
748 3627 905 3680 Bononiam.
943 3626 1069 3680 Profecto
1095 3627 1181 3680 exiis
1207 3642 1275 3693 quae
1294 3627 1412 3681 diximus
1430 3621 1546 3680 indubinn

443 3710 491 3768 est,
511 3705 599 3758 nullas
618 3706 647 3758 in
662 3706 718 3760 ista
739 3722 768 3759 re
786 3705 975 3760 fraudulentas
995 3706 1074 3760 Pauli
1088 3707 1131 3759 Ill
1150 3707 1364 3762 machinationes
1383 3705 1546 3763 intervenisse,

442 3786 550 3852 legatos
578 3798 612 3838 ex
635 3787 724 3839 animo
750 3786 846 3854 egIsse,
874 3792 906 3839 ut
925 3787 1062 3841 Ecclesiae
1081 3787 1149 3840 bono
1175 3788 1357 3855 providerent,
1387 3788 1545 3849 motivunulle

442 3865 558 3918 sonuum
577 3867 766 3920 translationis
786 3865 913 3920 adfuisse,
939 3867 1095 3920 Translatio
1109 3874 1201 3921 tamen
1220 3884 1274 3921 non
1293 3869 1401 3923 omnino
1419 3863 1544 3924 necessaria

442 3945 528 3999 fuisse
547 3946 664 4006 videtur,
691 3948 810 4012 adeoque
829 3945 901 4000 torte
920 3948 1008 4001 minus
1027 3948 1145 4014 prompti
1165 3949 1198 4001 ad
1218 3965 1276 4002 eam
1296 3948 1420 4014 fuissent,
1438 3948 1459 4002 si
1475 3945 1543 3999 minus

442 4031 583 4092 suspectus
603 4025 668 4092 ipsis
688 4025 786 4079 fuisset
807 4027 896 4081 Caroli
916 4029 939 4079 V
960 4029 1074 4093 animus,
1094 4044 1125 4080 ac
1144 4027 1168 4081 si
1187 4029 1390 4096 praevidissent
1406 4021 1542 4083 incommota

441 4120 475 4158 ex
495 4105 677 4159 translatione
696 4114 797 4162 secuta.

517 4184 540 4255 2)
560 4183 617 4239 Cfr.
638 4186 833 4241 Pallavicinum
851 4188 885 4244 H.
906 4187 934 4241 C.
954 4188 985 4242 T.
1005 4188 1035 4245 L.
1056 4188 1104 4243 XI.
1125 4188 1152 4242 C.
1172 4189 1234 4244 VII.
1255 4206 1281 4243 n.
1301 4190 1326 4245 3.
