3288 4900
465 409 515 463 154
747 405 904 464 XXXVIII
924 407 964 461 De
982 406 1103 461 Concilio
1121 406 1289 464 TridentIno.

19 492 57 514 ,Ἡ
132 492 135 519 ,

19 523 40 561 ῑί,
108 522 109 535 ¹
132 533 135 563 l

22 569 31 583 a
87 584 88 587 Ἴ
132 571 134 586 Ι
165 575 167 580 ,

290 551 443 654 Βξζέἒώζ
462 551 530 614 fere
554 559 664 635 partes
687 548 836 613 habuit·
792 559 862 614 tm
888 548 1035 615 Concilio
1061 550 1210 614 Trident'
1187 559 1267 632 tino,
1297 561 1398 637 atque
1423 553 1514 615 sicuti
1538 574 1580 614 ex

402 625 451 662 ῃ
464 670 530 712 una
553 656 647 733 parte
671 648 777 732 ipsius
795 657 832 710 et
843 646 1013 712 Gallorum
1040 650 1271 733 episcoporum
1288 671 1403 712 sensus
1419 649 1580 712 interdum

462 745 674 810 difficultates
698 745 859 830 quasdam
884 758 1048 826 crearunt,
1069 748 1119 810 ita
1142 769 1185 809 ex
1201 745 1304 810 altera
1327 757 1420 831 parte
1389 747 1581 810 tmultum

462 843 533 928 ejus
556 853 694 907 conatus
718 843 770 907 ad·
784 842 915 907 felicem
934 843 1076 907 Concilii
1100 846 1227 908 exitum
1245 844 1457 928 profuerunt.
1486 845 1584 909 Unde

462 940 503 1004 de
528 942 598 1024 ipso
622 941 787 1025 quaedam
813 940 923 1004 dicere
946 940 1091 1026 juvabit.
1127 978 1163 989 —
1199 941 1336 1005 Carolus
1359 942 1584 1026 Lotbaringus

433 1124 434 1128 Ἰ
461 1061 491 1101 a.
518 1039 603 1102 1524
636 1048 744 1118 natus,
772 1038 843 1123 jam
868 1060 955 1103 auno
980 1043 1098 1103 aetatis
1122 1040 1370 1124 decimoquarto
1395 1039 1438 1103 ad
1462 1038 1582 1102 archie-

461 1137 668 1222 piscopatum
693 1135 853 1202 ecclesiae
866 1137 1064 1202 Rhomensis
1076 1147 1212 1201 evectus
1226 1149 1305 1218 erat,
1330 1138 1378 1200 uti
1395 1140 1468 1222 ipse
1484 1160 1582 1222 quum

463 1232 503 1297 de
527 1233 688 1298 abusibus
713 1257 896 1299 sermonem
914 1236 1046 1318 faceret,
1071 1235 1318 1301 animadvertit.
1364 1237 1485 1300 Postea
1508 1257 1584 1298 vero

462 1333 595 1416 quando
620 1333 838 1417 pervenitad
863 1333 1081 1398 adolescentis
1106 1344 1138 1397 et
1162 1335 1225 1397 viri
1249 1343 1402 1415 aetatem,
1428 1335 1491 1398 sub
1506 1335 1581 1417 regi·

462 1429 524 1493 bus
548 1430 758 1512 HenrieoII,
784 1432 963 1496 Francisoo
988 1431 1022 1495 ll
1047 1443 1079 1496 et
1103 1431 1221 1496 Oarolo
1234 1433 1285 1496 IX
1309 1453 1527 1516 permagnam
1552 1432 1581 1493 in

461 1527 736 1611 gubernationem
761 1529 935 1593 influxum‘
951 1551 1093 1615 eumque
1108 1529 1287 1594 salutarem
1302 1532 1462 1595 exercuit.
1490 1527 1581 1609 Quod

462 1625 505 1689 ad
530 1628 673 1710 speciem
699 1636 881 1708 externam,
907 1627 1051 1692 indolem
1076 1637 1240 1691 etmores
1264 1626 1472 1691 celeberrimi
1488 1627 1582 1712 hujus

463 1725 526 1787 viri
551 1725 679 1805 attinet,
703 1724 797 1789 brevi
816 1724 900 1789 haec
919 1725 1160 1790 describamus.
1188 1726 1271 1789 Erat
1284 1725 1422 1810 pulchro
1439 1735 1576 1810 aspectu,

461 1844 599 1908 procera
629 1832 764 1904 statura,
799 1824 907 1935 capite
938 1823 1093 1888 omnibus
1118 1826 1294 1907 eminente,
1323 1825 1408 1888 facie
1433 1822 1581 1906 oblonga,

461 1921 568 1984 fronte
592 1919 702 2005 ampla
726 1930 758 1984 et
782 1923 952 1986 eminenti.
1000 1921 1156 1986 Florebat
1179 1921 1359 1986 virtutibus
1388 1920 1522 2004 multis3
1546 1931 1583 1984 et

462 2019 551 2082 enim
564 2019 836 2130 magnanimitas,
863 2020 1011 2100 comitas,
1028 2020 1225 2084 beneficent
1203 2028 1259 2100 t,1a
1284 2021 1399 2104 pietas,
1425 2020 1581 2098 doctrina,

462 2117 677 2200 perspicacia,
718 2117 924 2202 eloquentiae
956 2118 1060 2200 vigor,
1100 2116 1180 2182 boni
1210 2116 1337 2202 publici
1362 2127 1394 2181 et
1417 2117 1583 2202 religionis

461 2214 608 2279 studium
632 2237 707 2278 eum
733 2216 880 2278 maxime
894 2215 1182 2280 commendebant.
1222 2214 1288 2281 Sed
1305 2217 1461 2300 quamvis
1477 2217 1583 2278 virum

461 2311 565 2402 plane
589 2312 773 2397 perfectum
806 2335 881 2376 eum
914 2335 955 2376 ex
979 2312 1032 2377 his
1056 2313 1124 2378 fere
1156 2314 1290 2395 dixeris,
1324 2324 1437 2377 tamen
1461 2322 1493 2375 et
1520 2315 1583 2396 ipse

462 2412 540 2474 sorti
577 2409 763 2474 mortalium
799 2433 905 2495 paene
939 2414 1106 2476 communi
1143 2411 1291 2494 suberat3
1311 2452 1312 2456 =
1330 2410 1584 2475 inveniebantur
1626 2407 1628 2438 l

462 2508 619 2573 videlicet
642 2509 742 2572 etiam
767 2508 916 2573 defectus
940 2510 1076 2594 quidam
1101 2519 1239 2574 naturae
1263 2511 1395 2595 partim,
1421 2509 1582 2572 educatio·
1623 2553 1624 2556 ,

462 2606 515 2670 nis
537 2608 659 2691 partim
684 2615 716 2669 et
731 2616 928 2692 temporum.
976 2607 1083 2672 Valde
1099 2610 1211 2672 varius
1236 2610 1325 2672 enim
1350 2618 1421 2670 erat
1444 2607 1583 2670 affectio·

462 2703 562 2768 nibus
585 2713 618 2767 et
642 2703 797 2787 consili03
828 2705 869 2768 ad
896 2700 1146 2770 succendendas
1170 2707 1363 2769 affectiones
1386 2703 1497 2787 velox,
1531 2701 1582 2766 sed

463 2825 528 2866 non
553 2802 730 2866 minusad
755 2803 1012 2888 tepefaciendas.
1055 2804 1159 2867 Totus
1183 2804 1373 2885 iracundus,
1410 2811 1498 2866 totus
1524 2801 1581 2886 pla-

463 2899 591 2981 cabilis,
616 2899 674 2963 sed
699 2899 893 2964 iracundiae
918 2910 1065 2985 tempore
1081 2924 1181 2986 supra
1196 2901 1332 2965 modum
1349 2903 1581 2984 intemperatus

464 2999 498 3062 in
522 3020 561 3061 ea
585 2997 767 3082 promenda
791 3000 880 3062 etin
906 2997 1058 3063 cladibus
1076 3000 1280 3081 minitandis,
1305 2999 1459 3084 adeoque
1475 2998 1580 3082 siquis

462 3105 533 3159 tum
557 3093 726 3160 hominem
760 3096 916 3177 audisset,
948 3105 1038 3161 ratus
1061 3097 1212 3182 linguam
1236 3100 1348 3162 animo
1373 3097 1578 3174 concordare,

463 3194 806 3279 poteratmalignum
831 3195 864 3258 in
890 3216 927 3258 eo
958 3197 1105 3260 animum
1140 3198 1312 3281 suspicari.
1361 3193 1486 3258 Contra
1510 3212 1577 3256 vero

349 3310 352 3315 ·
463 3290 716 3356 benevolentiae
740 3302 887 3377 tempore
911 3293 994 3357 adeo
1019 3303 1089 3357 erat
1112 3295 1148 3358 in
1169 3296 1340 3380 promissis
1363 3293 1529 3378 profusus,
1552 3297 1576 3352 ut

464 3390 610 3474 cuipiam
635 3413 674 3455 ea
697 3400 811 3475 postea
835 3413 912 3455 cum
935 3392 1062 3455 effectis
1086 3395 1298 3477 componenti
1322 3391 1438 3455 liceret
1469 3389 1577 3455 adscri·
1626 3431 1627 3447 ι

463 3486 541 3551 bere
565 3487 764 3553 artificiosae
788 3488 973 3569 calliditati,
1006 3490 1095 3574 quod
1119 3490 1162 3554 ab
1187 3490 1433 3557 inconsiderata
1457 3487 1578 3553 sinceri·

463 3593 530 3648 tate
553 3585 738 3670 profectum
762 3598 841 3651 erat.
888 3586 1089 3671 Eloquentia
1112 3588 1247 3673 quidem
1269 3587 1497 3671 Lotharingus
1519 3591 1579 3648 erat

464 3685 606 3767 egregia,
639 3693 672 3746 et
699 3693 751 3748 res
775 3682 977 3767 theologicas
1002 3698 1078 3770 apte
1101 3685 1281 3768 tractabat,
1313 3697 1462 3749 attamen
1487 3701 1577 3769 quum
1623 3674 1624 3678 ¹

464 3780 511 3844 illi
543 3782 600 3866 qui
633 3784 789 3846 continuo
823 3784 856 3845 in
888 3783 1030 3866 negotiis
1054 3782 1198 3867 publicis
1222 3791 1439 3868 occupantur,
1471 3778 1578 3845 studiis
1623 3783 1624 3787 ’

464 3881 588 3942 severis
604 3901 737 3964 operam
763 3889 795 3944 et
819 3881 909 3944 vires
930 3882 1010 3944 satis
1034 3882 1226 3966 impendere
1251 3903 1326 3944 non
1333 3881 1472 3966 possint,
1494 3884 1578 3941 eraut

464 3977 521 4061 qui
545 3976 765 4041 advertebant
752 3977 974 4062 tsplendide
998 3981 1103 4061 magis
1127 4001 1228 4063 quam
1252 3977 1417 4064 profunde
1431 3975 1577 4040 Cardine·

464 4072 529 4140 lem
553 4077 762 4160 quaestiones
785 4074 998 4157 theologicas
1012 4075 1186 4141 discutere.
1235 4077 1357 4141 Animo
1382 4086 1453 4138 erat
1476 4059 1624 4138 Eccle

465 4172 534 4237 siae
567 4194 606 4234 ac
630 4171 779 4251 Romano
805 4172 959 4237 Pontifici
990 4173 1087 4237 valde
1112 4174 1282 4256 addictus,
1313 4183 1474 4259 suamque
1496 4189 1575 4233 rwcve
