3020 4908
303 421 357 476 424
490 421 577 476 XLII.
613 421 654 475 Do
671 426 749 476 statu
766 421 904 476 Ecclesiae
920 435 991 478 noc.
1007 420 1112 476 decimo
1129 427 1236 477 octavo.

304 565 437 650 scripsit
460 563 617 630 ¹videlicet
631 565 809 650 Josephus,
835 587 869 629 se
893 564 1028 650 quidem
1051 563 1096 628 ad
1118 563 1354 649 praestandum
1375 565 1417 626 eis

303 663 466 727 auxilium
490 685 561 728 esse
584 673 751 748 paratum,
776 662 833 727 sed
857 662 1014 727 articulos
1036 663 1214 726 Emsenses
1238 663 1417 726 executioni

304 760 456 826 mandari
479 783 544 826 non
571 781 677 846 posse.
724 761 810 826 Cum
834 761 982 846 episcopi
1001 761 1201 845 suffraganei
1226 759 1418 845 postulatum

304 858 501 924 consensum
525 858 742 943 denegarent,
768 867 800 922 ct
823 858 902 922 Pius
925 859 975 922 VI
997 860 1190 922 temerarios
1213 879 1315 922 ausus
1336 879 1418 942 prae

304 956 477 1022 dictarum
500 952 783 1042 Metropolitasum
818 964 888 1019 tum'
922 977 981 1040 per
1013 978 1047 1020 se
1079 966 1150 1020 tum
1183 977 1243 1041 per
1265 955 1419 1019 Nuntium

304 1045 462 1119 Coloniae
485 1054 686 1119 residentem
706 1053 997 1118 Bartholomaeum
1015 1055 1127 1118 Pacta
1149 1054 1297 1137 graviter
1320 1052 1419 1116 redar·

302 1161 433 1237 gueret,
470 1154 615 1238 primum
647 1151 889 1237 archiepiscopi
913 1151 1121 1216 Trevireusis
1152 1162 1185 1216 et
1211 1151 1421 1234 Moguntinus

303 1249 458 1313 articulis¹
475 1249 694 1314 Emsensibus
717 1249 950 1314 renuntiarunt
973 1259 1006 1314 et
1028 1251 1231 1314 necessarias
1254 1248 1421 1314 facultates

302 1347 507 1411 aPontifice
538 1350 714 1434 petierunt.
762 1346 867 1411 Paulo
898 1357 988 1432 post,
1024 1347 1181 1412 videlicet
1210 1369 1301 1412 anno
1333 1346 1419 1426 1689,

302 1445 402 1508 etiam
434 1444 686 1510 Maximilianus
709 1445 916 1509 Coloniensis
948 1454 981 1508 et
1009 1445 1234 1530 Hieronymus
1267 1443 1419 1509 salisbur-

301 1544 412 1628 gensis
443 1543 674 1609 submissionis
696 1546 925 1609 testimonium
957 1543 1130 1608 dederunt.
1176 1543 1327 1607 Motibus
1351 1563 1420 1606 vero

302 1642 337 1704 in
361 1640 477 1724 Belgio
502 1643 672 1726 excitatis,
702 1652 806 1706 morto
830 1642 969 1728 Josephi
993 1641 1206 1728 Imperatoris
1229 1640 1365 1722 (1790),
1393 1649 1422 1702 et

301 1738 448 1822 generali
472 1761 583 1804 rerum
608 1740 867 1826 conflagratione
892 1743 926 1804 in
944 1739 1062 1804 Galliis
1084 1749 1203 1825 coepta
1227 1739 1418 1814 factumest,

302 1846 339 1901 ut
368 1839 601 1903 innovationes
632 1840 666 1903 in
691 1860 868 1924 congressu
893 1839 1049 1903 Emsensi
1081 1846 1262 1922 conceptae
1294 1835 1421 1899 ulterius

301 1938 488 2020 promoveri
520 1959 587 2001 non
611 1946 760 2023 possent;
797 1937 946 2022 quinimo
976 1935 1076 2000 iidem
1110 1937 1174 2021 ipsi
1197 1932 1419 2020 Metropolitae

300 2031 544 2100 Electoratibus
567 2036 636 2099 suis
659 2036 793 2120 privati,
818 2034 954 2099 sedibus
978 2035 1045 2098 suis
1068 2034 1165 2120 ejecti
1192 2043 1223 2096 et
1239 2033 1276 2096 in
1293 2030 1418 2096 exilium

303 2131 433 2216 expulsi
458 2134 574 2215 suut.¹)
738 2135 741 2138 ’
902 2131 904 2136 ’

392 2247 445 2313 60.
491 2249 541 2313 Dc
564 2249 822 2313 innovationibus
845 2250 879 2312 ιἰι
895 2249 1031 2312 Aualitu
1052 2269 1107 2310 seu
1130 2248 1169 2310 de
1191 2248 1417 2334 Joseplninismo

302 2344 413 2409 adhuc
436 2368 544 2432 pauca
568 2347 819 2433 subjungamus.
866 2346 944 2412 Jam
968 2347 1075 2410 Maria
1098 2345 1278 2426 Theresia,
1311 2348 1359 2409 uti
1381 2347 1416 2407 in·
1487 2337 1488 2340 ¹

301 2443 453 2528 nuimus,
486 2444 722 2529 instigantibus
746 2444 951 2508 administris
982 2445 1039 2530 qui
1064 2443 1194 2529 placitis
1216 2442 1415 2528 philosopho·
1487 2491 1488 2530 3

300 2563 374 2604 rum
399 2541 571 2626 Gallorum
597 2542 722 2628 imbuti
749 2541 803 2606 vel
826 2543 1025 2607 Jansenistis
1057 2544 1303 2606 consentientes
1327 2551 1416 2617 crant,
1487 2561 1488 2628 j

299 2638 396 2724 plura
427 2641 515 2714 circa
539 2663 590 2704 res
621 2649 653 2704 et
676 2662 834 2726 personas
859 2640 1099 2704 ecclesiasticas
1132 2639 1319 2704 secundum
1343 2639 1416 2724 prin·

300 2737 389 2822 cipia
412 2735 643 2802 Gallicanismi
668 2739 827 2803 docrevit.
874 2739 937 2803 dus
962 2737 1063 2823 asyli,
1088 2739 1297 2802 incrementa
1320 2757 1416 2800 mono-

300 2833 439 2898 chorum
464 2844 496 2898 et
519 2835 684 2900 bonorum
708 2835 1024 2918 ecclesiasticorum,
1057 2857 1226 2899 recursum
1250 2835 1297 2899 ad
1322 2832 1414 2898 Ponti·

298 2930 395 2995 ficem
419 2931 586 3015 limitavit,
610 2933 736 3018 legatos
751 2935 924 2998 Pontificls
949 2933 1117 2999 dioeceses
1133 2933 1330 2996 Austriacas
1353 2931 1415 2993 visi·

298 3040 369 3094 tare
394 3033 516 3114 vetuit,
538 3054 655 3115 'novos
685 3033 896 3118 episcopatus
928 3035 1000 3097 sine
1033 3054 1196 3096 concursu
1220 3030 1320 3095 Sedis
1342 3029 1415 3114 Apo·

299 3128 434 3194 stolicae
456 3132 570 3214 erexit,
596 3133 827 3196 auctoritatem
844 3130 1051 3195 sacerdotum
1069 3131 1103 3195 in
1121 3130 1299 3194 educanda
1310 3130 1414 3215 juven·

298 3237 369 3291 tute
402 3226 576 3308 diminuit,
611 3230 724 3293 omnia
748 3229 880 3293 decreta
904 3227 1129 3302 ecclesiastica
1153 3250 1232 3292 suae
1267 3223 1413 3313 approbo·

298 3325 381 3389 tioni
406 3324 460 3388 vel
485 3325 615 3411 placeto
640 3326 792 3413 subjecit.
817 3325 999 3410 —Longe
1029 3325 1126 3412 plura
1149 3348 1250 3390 ausus
1276 3337 1325 3389 cst
1347 3322 1412 3386 inde

299 3444 319 3486 a
343 3431 447 3486 morte
470 3423 597 3487 Mariae
620 3423 800 3488 Therasiae
832 3423 947 3505 (1780)
979 3424 1050 3509 ejus
1079 3422 1167 3487 filius
1190 3423 1357 3509 Josephus
1377 3418 1412 3498 ll,

298 3521 453 3606 princeps
477 3523 645 3607 inquietus
669 3532 701 3585 et
720 3543 830 3585 rerum
847 3534 1009 3586 novarum
1028 3522 1180 3607 cupidus.
1221 3521 1322 3586 Anno
1340 3517 1407 3583 1781

297 3616 438 3681 liberam
470 3621 701 3704 episcoporum
733 3641 810 3683 cum
834 3619 1026 3703 Apostolica
1050 3618 1136 3684 Sede
1167 3618 1358 3683 relationem
1384 3623 1410 3676 et

299 3737 375 3779 cum
399 3716 485 3780 clero
517 3716 705 3802 populoque
729 3716 924 3782 dioecesano
962 3718 1301 3781 communicationem
1324 3717 1409 3797 impe·

299 3813 400 3896 divit,
429 3812 592 3899 placetum
613 3815 742 3900 regium
768 3835 825 3899 pro
849 3815 1005 3878 omnibus
1028 3813 1153 3896 Bullis,
1178 3814 1342 3879 Brevibus
1362 3817 1410 3874 aut

182 3951 184 3956 -
298 3912 466 3996 rescriptis
500 3911 690 3994 Pontificis,
730 3933 789 3998 pro
832 3912 974 3976 decretis
1008 3912 1221 3997 Superiorum
1258 3911 1405 3978 Ordinum

373 4182 395 4255 ¹)
414 4182 470 4238 cfr.
489 4183 620 4240 Wouters
638 4185 674 4243 H.
693 4185 725 4244 E.
744 4186 774 4240 T.
793 4186 845 4243 III.
864 4202 890 4255 p.
909 4185 963 4242 308
981 4202 1037 4254 sqq.
1057 4187 1110 4258 (ed.
1130 4189 1227 4254 sexta.)
