2964 4912
321 505 324 512 ’
388 502 510 555 Eventus
529 499 715 554 Declarationi
734 499 847 566 praevii.
1129 501 1181 556 337

48 645 200 710 dioecesi
234 654 324 709 ortae
357 654 452 725 sunt,
489 665 592 729 quum
626 642 867 707 ecclesiasticos
900 645 1061 726 intrusos,
1098 668 1181 732 quos

49 742 176 808 Caulet
209 745 356 807 censuris
396 740 580 822 afficiebat,
617 741 824 825 metropolita
863 741 1066 827 absolveret3
1102 766 1181 809 mox

47 852 127 906 tum
163 843 354 926 episeopus,
388 849 458 904 tum
484 839 666 925 capitulum
691 841 779 925 ejus,
814 840 902 925 quod
926 839 1076 924 regulare
1100 851 1179 924 erat,

47 939 276 1025 proventibus
300 940 368 1002 suis
391 960 412 1001 a
434 960 511 1022 rege
527 939 651 1023 privati
668 950 753 1002 sunt.
795 937 907 1018 Quum
925 936 1043 1004 Caulet
1059 939 1182 1003 frustra

46 1037 95 1102 ad
115 1058 229 1121 regem
246 1057 415 1100 recursum
434 1034 613 1116 habuisset,
631 1037 729 1098 etiam
747 1037 817 1120 ipse
834 1035 888 1098 die
902 1036 941 1098 4⁰
953 1035 1034 1100 Maii
1051 1059 1080 1102 a.
1095 1037 1180 1100 1677

47 1135 96 1199 ad
125 1134 321 1198 Pontificem
357 1133 548 1218 appellavit.
596 1132 810 1197 Innocentius
834 1132 886 1196 XI
918 1135 1012 1199 initio
1046 1135 1182 1220 quidem

46 1233 274 1314 abstinuerat,
303 1241 340 1296 ut
363 1234 533 1316 negotium
556 1229 699 1316 regaliae
723 1231 766 1294 ad
790 1253 885 1295 suum
909 1230 1054 1296 tribunal
1080 1231 1181 1295 addu-

47 1339 168 1412 ceret3
207 1330 266 1393 sed
296 1340 370 1415 post
404 1329 660 1415 appellationem
691 1331 838 1414 episcopi
871 1328 1084 1415 Apamiensis
1127 1330 1181 1394 die

48 1428 119 1493 12⁰
133 1428 247 1491 Martii
271 1427 404 1494 11678
428 1427 529 1491 Brevi
555 1428 653 1490 misso
678 1449 698 1491 a
721 1449 798 1511 rege
821 1428 926 1512 petiit,
951 1437 988 1490 ut
1010 1427 1183 1491 desisteret

47 1527 97 1592 ab
135 1525 273 1590 ausibus
296 1527 380 1606 suis3
417 1547 476 1589 rex
500 1547 578 1589 vero
613 1524 800 1609 respondit,
835 1524 994 1608 regaliam
1028 1547 1098 1589 esse
1125 1526 1183 1611 jus

48 1645 201 1690 coronae
225 1646 245 1687 a
268 1622 576 1709 praedecessoribus
607 1624 845 1688 transmissum.
891 1622 1107 1687 Innocentius
1130 1624 1183 1690 XI

49 1723 139 1786 dein
164 1721 218 1786 die
234 1722 294 1785 21⁰
308 1717 512 1806 Septembris
536 1741 661 1784 novum
676 1720 785 1784 Breve
805 1720 848 1784 ad
864 1741 976 1803 regern
993 1723 1091 1804 misit,
1117 1743 1182 1807 quo

49 1841 136 1884 eum
161 1828 297 1903 paterno
322 1818 420 1882 modo
446 1818 486 1882 de
510 1839 618 1883 errore
643 1839 700 1881 suo
726 1818 862 1882 monuit.
903 1819 1071 1904 Responso
1092 1819 1183 1885 baud

49 1925 216 2002 accepto,
241 1915 295 1979 die
319 1916 379 1980 29⁰
403 1914 601 1979 Decembris
624 1937 653 1980 a.
681 1915 766 1978 1679
789 1917 924 1979 tertium
948 1916 1056 1980 Breve
1080 1917 1181 2000 dedit,

50 2035 124 2101 quo
160 2035 280 2097 magno
313 2035 387 2077 oum
412 2014 526 2098 vigore
554 2013 632 2098 jura
655 2011 826 2076 Ecclesiae
855 2012 1052 2080 vindicavit.
1099 2015 1183 2078 Inde

51 2110 308 2178 Gallicanorum
342 2113 392 2175 ira
415 2133 482 2176 non
506 2110 683 2175 mediocris
716 2112 861 2174 excitata
889 2121 953 2193 est,
988 2111 1077 2197 quod
1099 2112 1183 2176 Pon-

52 2211 143 2275 tifex
167 2232 202 2273 se
224 2219 384 2296 tanquam
403 2209 553 2295 judicem
571 2210 785 2272 constitueret
805 2207 876 2273 loco
894 2208 1083 2292 consiliarii,
1110 2232 1183 2275 con·

54 2309 241 2393 ciliumque
274 2306 441 2372 nationale
475 2306 729 2370 convocandum
759 2328 829 2370 esse
862 2306 1029 2372 dixerunt.
1074 2307 1185 2372 Ludo-

53 2409 156 2471 vicus
173 2405 256 2470 XIV
279 2407 392 2468 tamen
414 2406 484 2489 ipse
502 2426 557 2468 cos
580 2404 718 2467 retinuit
741 2413 773 2467 et
796 2404 849 2469 die
866 2405 926 2469 21⁰
940 2406 1036 2470 Junii
1051 2428 1080 2472 a.
1097 2405 1185 2471 1680

56 2504 219 2569 Pontifici
243 2502 423 2588 respondit,
448 2525 483 2566 se
506 2503 684 2566 missurum
705 2523 775 2566 esse
791 2500 1001 2568 Cardinalem
1018 2503 1184 2586 Estreum,

56 2612 96 2667 ut
120 2601 162 2666 lis
186 2608 447 2686 componeretur.
488 2599 554 2666 Sed
574 2621 676 2685 quum
700 2599 756 2664 hio
770 2600 908 2665 Romam
926 2604 1081 2685 venisset,
1106 2623 1186 2666 mox

57 2699 184 2785 patuit,
217 2697 305 2783 quod
336 2719 480 2783 aequum
505 2706 537 2761 et
563 2697 692 2782 justum
717 2707 787 2761 erat
809 2721 829 2762 a
852 2721 929 2783 rege
954 2698 1083 2765 Galliae
1114 2721 1206 2784 spe--

57 2797 126 2861 rari
162 2817 228 2865 non
260 2817 366 2881 posse.
412 2795 628 2859 Innocentius
652 2796 703 2859 XI
736 2797 838 2879 igitur
860 2807 976 2882 quarto
1000 2798 1100 2862 Brevi
1130 2795 1184 2860 die

57 2895 98 2960 3⁰
122 2894 235 2958 Martii
259 2918 288 2958 a.
315 2893 399 2958 1681
430 2893 506 2957 dato
532 2915 652 2976 magno
678 2915 753 2957 cum
779 2893 889 2958 dolore
922 2905 1053 2959 etcum
1079 2895 1185 2979 indig-

57 2993 196 3057 natione
219 2991 430 3055 Ludovicum
455 2991 496 3054 de
520 2992 683 3076 injustitia
707 3015 765 3055 sua
790 2995 927 3057 monuit.

151 3091 203 3153 27.
240 3090 370 3153 Interea
403 3089 457 3153 die
492 3090 528 3152 7⁰
552 3090 696 3173 Augusti
730 3113 759 3154 a.
796 3090 881 3156 1680
914 3092 1032 3157 Franc.
1068 3090 1187 3156 Oaulet

57 3189 248 3272 Episcopus
280 3189 492 3273 Apamiensis
530 3197 678 3252 mortuus
712 3197 796 3272 erat3
832 3189 1035 3274 perturbatio
1075 3201 1185 3255 autem

59 3294 297 3372 postmortem
331 3287 402 3372 ejus
433 3288 468 3350 in
493 3286 636 3350 dioecesi
660 3287 724 3350 ista
756 3296 854 3352 aucta
887 3297 944 3351 est.
993 3285 1185 3372 Capitulum

55 3383 248 3467 legitimum
282 3385 348 3466 (cui
378 3385 449 3469 jam
473 3383 564 3448 aliud
590 3384 830 3469 opponebatur)
863 3375 1035 3449 Vicarium
1060 3388 1184 3472 capitu-

57 3482 165 3546 larem
197 3479 296 3564 elegit
318 3480 355 3547 P.
382 3481 613 3563 d’Aubarbde,
650 3483 706 3567 qui
731 3504 810 3546 mox
842 3505 859 3546 e
884 3481 1026 3547 dioecesi
1060 3484 1185 3568 ejectus

57 3588 93 3643 et
126 3579 179 3642 in.
196 3578 381 3642 custodiam
413 3580 533 3642 missus
567 3588 625 3643 011.
676 3578 814 3644 Suffecit
847 3578 1037 3665 Capitulum
1070 3581 1183 3665 alium,

57 3677 99 3741 P.
124 3674 231 3757 Reob,
264 3677 318 3740 cui
343 3676 458 3740 eadem
483 3676 601 3762 obtigit
625 3699 702 3741 sors.
751 3678 897 3741 Instituit
919 3686 999 3741 tunc
1021 3678 1184 3765 Metropo-

56 3774 138 3856 lita,
174 3772 443 3859 archiepiscopus
476 3773 659 3839 Tolosanus
694 3774 735 3839 de
759 3776 974 3861 Montpezan,
1011 3776 1184 3844 Vicarium

57 3871 250 3956 generalem
265 3871 427 3936 dioecesis
442 3873 486 3938 D.
503 3873 691 3955 Fortassin3
717 3872 775 3938 sed
793 3872 984 3959 Capitulum
997 3874 1183 3958 legitimum

60 3991 279 4056 perseverans
312 3971 346 4033 in
370 3992 483 4055 pugna
506 3993 565 4056 pro
593 3971 727 4056 juribus
751 3973 817 4034 suis
840 3974 935 4036 tertio
964 3970 1064 4057 elegit
1085 3973 1183 4038 Vica-

58 4070 149 4132 rium
183 4066 398 4151 capitularem
428 4069 464 4133 P.
488 4068 654 4133 Joannem
678 4068 791 4149 Cerle,
828 4071 935 4134 virum
969 4071 1182 4156 intrepidum,

60 4168 118 4253 qui
145 4186 179 4228 se
202 4163 393 4249 abscondit,
431 4176 463 4230 et
486 4167 587 4231 verbo
613 4174 645 4230 et
668 4168 804 4260 scriptis
829 4177 1016 4232 constanter
1047 4191 1182 4256 usurpa·

59 4262 209 4328 tionibus
232 4265 320 4346 regis
351 4265 487 4347 restitit,
524 4264 653 4350 sibique
677 4265 998 4330 administrationem
1022 4266 1183 4332 dioecesis

116 4389 259 4440 Jungmann,
273 4389 461 4430 DIssertationes.
477 4391 542 4430 Tom.
558 4390 609 4430 v11.
989 4373 1023 4426 22

1216 3101 1334 3140 Dioecesis

1200 3163 1354 3214 Apsmlensis.
