3034 4894
134 1181 229 1220 Lutheri

101 1244 262 1284 adolescentia.

269 449 303 502 10
393 449 540 502 XXXVII.
561 450 600 502 De
618 449 706 504 initiis
725 466 757 504 ac
774 451 808 504 de
826 467 938 520 propag.
958 451 1268 519 pseudoreformationis.

270 593 419 656 ciscanos
443 591 696 657 humanioribus
721 595 840 658 studiis
869 608 1007 659 navaret
1038 617 1180 681 operam.
1230 595 1398 660 Sustinuit

270 688 334 753 illis
358 691 455 754 annis
471 692 676 775 paupertatis
700 694 881 776 angustias,
908 693 1051 778 indeque
1075 693 1158 756 forte
1177 693 1249 778 jam
1268 695 1395 758 tactum

270 796 330 865 est,
361 797 398 851 ut
428 809 529 872 quum
564 799 649 854 esset
677 790 788 854 indole
813 791 911 856 valde
936 791 1097 876 superbus
1126 794 1244 877 suique
1268 793 1397 875 ingenii

270 886 396 948 nimius
419 888 619 967 aestimator,
643 887 824 951 characteri
850 889 921 974 ejus
944 889 1184 952 admisceretur
1207 889 1397 954 amaritudo

271 983 435 1068 quaedam
467 994 566 1070 atque
598 986 633 1048 in
665 985 747 1048 alios
781 995 1007 1070 contemptus3
1046 987 1082 1050 id
1114 990 1202 1051 enirn
1226 987 1396 1051 interdum

272 1081 395 1145 accidit
433 1084 467 1145 in
503 1082 769 1147 adolescentibus
808 1106 928 1168 magne
966 1087 1099 1170 ingenie
1138 1085 1297 1170 praeditis
1337 1085 1396 1148 sed

273 1179 384 1260 elatis,
430 1180 508 1245 dum
549 1191 743 1266 paupertate
786 1193 991 1268 premuntur.
1048 1185 1134 1248 Dein
1174 1207 1276 1270 quum
1312 1193 1400 1248 esset

273 1278 388 1342 decem
413 1288 446 1342 et
469 1289 541 1343 octo
565 1302 727 1344 annorum
753 1283 787 1344 in
804 1281 1030 1346 Universitate
1055 1283 1263 1346 Erfurdiensi
1286 1281 1399 1345 studia

223 1450 229 1460 .
272 1399 331 1440 sua
356 1387 404 1440 est
428 1387 631 1461 prosecutae,
655 1387 755 1462 atque
779 1380 812 1441 in
838 1378 1066 1465 philosophiae
1091 1380 1199 1444 studio
1213 1380 1398 1463 Magisterii

271 1475 411 1558 gradum
430 1496 531 1538 *anno
566 1476 682 1538 aetatis
717 1499 795 1539 suae
830 1477 990 1561 vigesimo
1012 1486 1223 1541 consecutus
1262 1487 1325 1558 cst,
1367 1486 1401 1539 et

272 1572 407 1656 quidem
432 1574 518 1636 inter
541 1575 674 1658 primae,
700 1583 736 1636 ut
759 1575 892 1657 ingenio
910 1575 1085 1660 studioque
1103 1574 1222 1638 multos
1239 1597 1400 1659 coaequa-

272 1669 353 1734 lium
383 1671 613 1736 antecedebat.
661 1671 754 1736 Juris
788 1671 909 1736 deinde
941 1674 1088 1737 studium
1121 1694 1296 1756 aggressus
1321 1694 1395 1736 cum

273 1777 367 1848 esset,
406 1769 440 1832 in
472 1791 588 1854 campo
621 1768 767 1832 fulminis
796 1771 864 1833 ictu
896 1773 1027 1835 territus
1064 1781 1095 1834 et
1130 1780 1323 1854 prostratus,
1364 1779 1403 1833 ut

273 1864 373 1949 vulgo
398 1867 530 1945 dicitur,
562 1877 620 1930 aut
645 1868 780 1931 interitu
804 1867 925 1956 sodalis
950 1871 1000 1932 sui
1026 1871 1264 1949 constristatus,
1297 1868 1402 1954 hujus

274 1964 389 2028 mundi
411 1974 606 2050 contemptu
630 1968 798 2049 ingressus
822 1976 871 2030 est
894 1978 1038 2052 repente,
1072 1967 1184 2031 multis
1207 1966 1401 2030 admiranti-

273 2062 346 2144 bus,
372 2065 607 2128 monasterium
623 2065 775 2127 Fratrum
792 2088 815 2130 s.
830 2065 1021 2149 Augustini,
1046 2067 1103 2150 qui
1120 2064 1219 2148 vulgo
1231 2065 1402 2128 Eremitae

275 2160 431 2224 dicuntur
463 2166 504 2242 (a.
534 2163 641 2242 1503).
690 2163 859 2247 Factaque
889 2163 1037 2247 legitima
1068 2174 1141 2249 post
1172 2183 1296 2226 annum
1328 2183 1403 2246 pro-

274 2259 418 2323 bationis
449 2256 537 2324 illius
570 2259 706 2325 Ordinis
737 2261 955 2344 professione,
993 2271 1124 2326 strenue
1156 2263 1191 2324 in
1219 2260 1338 2324 studiis
1368 2269 1403 2322 et

221 2391 223 2396 ·
276 2359 443 2421 exercitiis
476 2356 704 2443 spiritualibus
736 2357 783 2421 ibi
819 2359 891 2422 Deo
928 2360 1063 2423 militari
1098 2361 1189 2422 visus
1220 2367 1270 2421 est
1303 2358 1401 2421 annis

275 2457 457 2540 quatuor.¹)
504 2456 603 2519 Anno
631 2456 715 2520 1507
740 2457 846 2519 factus
871 2467 920 2520 est
943 2457 1112 2538 sacerdos,
1146 2457 1295 2541 sequenti
1321 2476 1400 2518 vero

275 2575 363 2617 anne
390 2553 475 2617 1508
507 2576 549 2616 ex
581 2554 737 2618 Erfurdio
770 2554 947 2618 translatus
979 2565 1027 2618 est
1056 2554 1334 2637 Wittembergam
1366 2557 1400 2616 in

276 2651 378 2715 aliurn
403 2651 552 2735 ejusdem
577 2651 723 2716 instituti
748 2663 961 2733 conventum,
994 2653 1050 2716 ubi
1074 2653 1209 2738 publice
1239 2651 1402 2737 praelegit

277 2748 496 2813 Dialecticam
528 2749 773 2836 Physicamque
808 2749 995 2815 Aristotelis
1031 2753 1066 2815 in
1101 2760 1252 2814 recenter
1292 2760 1402 2813 erecta

277 2851 320 2930 (a.
364 2847 462 2928 1502)
506 2849 691 2913 studiorum
731 2848 966 2913 Universitate.
1029 2849 1108 2912 Post
1145 2849 1325 2911 triennium
1366 2849 1401 2910 in

277 2947 419 3029 negotiis
452 2947 502 3010 sui
528 2944 663 3010 Ordinis
687 2947 826 3009 Romam
860 2948 980 3010 missus
1012 2957 1076 3020 est;
1124 2945 1294 3032 usquead
1320 2945 1403 3008 illud

278 3065 357 3106 vere
381 3053 512 3128 tempus
528 3044 661 3108 videtur
685 3045 801 3107 intimo
818 3044 916 3107 corde
933 3043 1099 3108 Ecclesiae
1116 3045 1271 3108 addictus
1288 3042 1400 3107 fuisse.

278 3141 554 3225 Wittembergam
585 3164 737 3205 reversus
770 3143 805 3205 in
828 3142 1010 3227 Theologia
1039 3144 1147 3206 factus
1171 3152 1220 3204 est
1245 3149 1403 3204 consueta

279 3238 470 3303 celebritate
516 3239 644 3318 doctor,
684 3249 716 3302 et
755 3239 943 3302 ordinariae
981 3242 1015 3303 in
1047 3239 1229 3322 Theolcgia
1266 3237 1402 3302 lectioni

279 3336 475 3422 praefectus

370 3437 421 3498 11.
461 3435 542 3498 Erat
565 3444 686 3517 autern,
711 3437 759 3498 uti
771 3435 842 3520 jam
860 3435 1016 3516 diximus,
1044 3435 1208 3498 Lutherus
1231 3433 1403 3518 praeditus

280 3533 412 3595 eximiis
435 3534 538 3596 animi
563 3533 706 3615 dotibus,
741 3536 787 3596 ita
817 3544 854 3596 ut
877 3543 1007 3619 praeter
1030 3534 1199 3616 ingenium
1224 3531 1267 3595 ad
1292 3531 1403 3596 studia

280 3632 445 3694 severiora
476 3641 605 3716 aptum,
640 3633 669 3695 ei
703 3633 801 3695 etiarn
827 3643 911 3695 esset
934 3632 1094 3696 naturalis
1124 3631 1312 3716 eloquentia
1337 3651 1404 3694 non

354 3917 376 3986 ¹)
400 3916 536 3969 Pietatem
566 3922 658 3970 tamen
681 3917 794 3970 Lutheri
825 3932 920 3983 parurn
950 3916 1063 3969 solidam
1093 3914 1184 3978 fuisse,
1217 3918 1245 3966 et
1276 3913 1340 3968 inde
1370 3914 1404 3966 ab

281 3997 462 4050 adolescentia
486 3997 689 4063 propensionem
709 3998 736 4050 in
757 3998 912 4066 voluptates
931 3996 1115 4051 vehementem
1142 4009 1191 4047 nee
1213 3993 1281 4047 satis
1308 3993 1404 4048 edomi-

281 4085 351 4142 tam,
388 4075 466 4129 varia
496 4077 612 4130 suadent
642 4077 749 4130 indicia.
796 4078 829 4131 V.
859 4078 957 4136 Evers
990 4075 1092 4128 Martio
1120 4074 1238 4129 Luthers
1267 4074 1402 4142 Anfange

281 4156 446 4212 Osnabriick.
476 4156 557 4223 1883;
582 4157 747 4225 Jungmann,
774 4158 812 4210 Le
831 4159 966 4210 caractere
985 4156 1069 4208 moral
1089 4156 1121 4208 de
1139 4154 1251 4219 Luther,
1277 4155 1318 4208 La
1337 4154 1404 4208 Con-

281 4243 411 4300 troverse‚
431 4235 516 4292 Novb.
537 4242 565 4289 et
584 4237 663 4291 Deeb.
684 4237 762 4292 1883.
