2964 4912
318 474 371 528 312
574 477 646 534 XLI.
683 478 723 531 De
742 477 931 532 Declaratione
951 477 1023 532 Cleri
1042 479 1185 536 Gallicani.

318 619 457 705 epistola
485 621 526 684 ad
552 621 838 706 archiepiscopum
862 622 1097 704 Rhemensem,
1124 636 1202 710 post
1225 623 1427 709 Apostolicam

319 716 431 807 Sedere
461 731 507 783 est
543 719 701 804 quoddam
733 721 827 782 totius
854 717 1109 784 Christianitatis
1140 720 1299 807 speculum
1329 731 1358 783 ct
1383 723 1427 784 im-

317 827 434 880 motum
447 817 531 900 fidei
545 815 804 902 fundamentum,
828 828 935 902 utpote
959 841 1039 902 quae
1062 819 1097 881 in
1112 817 1245 904 feruore
1259 819 1343 902 fidei
1364 820 1428 882 cbri-

318 916 444 979 stianae
476 939 512 979 ac
544 915 706 978 devotione
730 913 933 1000 Apostolicac
963 914 1055 978 Sedis
1085 939 1149 980 non
1178 926 1329 1000 sequatur
1357 915 1429 978 alias

148 1007 374 1112 ἕξξζῗοῖξξθεά
407 1013 581 1078 antecedat.
635 1012 685 1076 Eo
705 1015 824 1097 'magis
858 1013 1037 1078 dolendum
1071 1014 1151 1097 fuit,
1188 1014 1279 1100 quod
1312 1016 1347 1077 in
1378 1013 1429 1076 hac

294 1099 459 1174 'ecclesia
482 1110 653 1174 tendentia
676 1111 840 1196 quaedam
864 1110 997 1175 labente
1020 1121 1168 1197 tempore
1192 1114 1334 1176 oriretur
1348 1111 1430 1176 Sedis

318 1207 529 1294 Apostolicae
553 1210 740 1272 auctoritati
765 1211 925 1294 opposita,
951 1232 1035 1295 quae
1060 1213 1195 1274 nomine
1217 1209 1431 1278 Gatttcantsut

319 1305 485 1389 designari
519 1306 608 1370 solet.
655 1306 739 1370 Inde
770 1307 811 1369 ab
837 1307 931 1370 initio
965 1318 1075 1372 autern
1107 1308 1353 1372 advertendum
1382 1317 1429 1387 est,

317 1405 483 1489 principia
507 1404 562 1468 illa
583 1403 662 1468 Sedi
677 1405 847 1468 Romanae
871 1406 1032 1490 injuriosa
1055 1429 1095 1470 ac
1119 1406 1254 1470 fallaces
1273 1405 1430 1470 libertates

318 1524 402 1589 quae
419 1501 482 1565 hac
498 1501 720 1588 appellatione
737 1501 967 1567 Gallicanismi
985 1504 1324 1590 comprehenduntur,
1347 1503 1429 1567 Clero

317 1601 428 1685 potius
468 1601 602 1664 obtrusa
641 1602 743 1665 fuisse
776 1600 819 1664 ab
852 1601 1044 1666 hominibus
1082 1602 1178 1666 laicis
1219 1612 1252 1666 et
1284 1601 1430 1687 profanis,

318 1720 418 1783 quam
451 1698 493 1762 ab
527 1701 597 1784 ipso
631 1701 827 1785 conquisita.
874 1699 1100 1764 Nihilominus
1132 1700 1197 1763 viri
1225 1699 1431 1764 ecclesiastici

318 1796 416 1882 culpa
440 1818 506 1861 non
531 1806 725 1880 caruerunt,
756 1820 794 1861 eo
819 1797 908 1883 qnod
932 1797 1064 1862 facilius
1084 1801 1239 1884 potestati
1264 1798 1355 1861 civili
1376 1797 1431 1860 hae

317 1896 352 1958 in
376 1916 411 1958 re
436 1895 592 1959 cederent
614 1905 647 1958 et
670 1895 878 1960 diffidentiae
902 1896 1035 1960 cuidam
1059 1898 1094 1960 in
1115 1896 1236 1961 Sedem
1257 1896 1430 1959 Romanam

318 1992 459 2055 nimium
483 1992 711 2076 indulgerent,
743 1994 815 2080 ejus
839 1996 1070 2058 auctoritatem
1094 1996 1315 2059 conniverent
1336 1993 1430 2056 immi·

318 2111 430 2172 nuere,
455 2112 494 2152 ac
518 2090 678 2175 paulatim
702 2093 802 2156 etiam
827 2114 869 2156 ex
892 2101 986 2178 parte
1009 2094 1176 2178 principia
1200 2090 1285 2155 falsa
1309 2091 1429 2176 adopta-

317 2196 400 2252 rent.
440 2187 515 2252 Non
539 2190 721 2273 incongrue
737 2187 874 2253 Oharlas
897 2189 1065 2254 libertates
1081 2188 1273 2254 Gallicanas
1291 2189 1429 2272 designat

318 2294 354 2348 ut
378 2289 612 2372 oppressionem
627 2287 867 2378 jurisdictionis
890 2287 1120 2352 ecclesiasticae
1144 2311 1164 2351 a
1188 2288 1274 2352 laica
1283 2297 1429 2373 potestate

312 2394 347 2454 ¹et
369 2383 600 2469 depressionem
631 2388 832 2450 auctoritatis
855 2387 994 2450 Romani
1017 2386 1178 2470 Pontificis
1210 2409 1231 2448 a
1254 2386 1338 2449 clero
1368 2383 1428 2448 Gd-

317 2479 462 2562 iicono.¹)
509 2481 543 2546 Si
567 2484 733 2568 principia
757 2485 829 2563 ista,
854 2483 976 2569 quibus
993 2482 1253 2548 Gallicanismus
1278 2485 1426 2546 innititur.

317 2580 431 2643 stricta
464 2583 699 2667 consequentia
723 2581 856 2645 evoluta
879 2581 1034 2662 fuissent,
1069 2582 1147 2645 inde
1172 2581 1318 2644 schisma
1346 2578 1427 2644 facile

318 2676 512 2761 prodiisset3
545 2687 691 2742 attamen
717 2700 861 2764 eousque
891 2700 1063 2764 nunquam
1087 2677 1176 2742 Galli
1200 2684 1425 2764 processerunt.

319 2773 507 2839 Solemnem
540 2797 619 2840 vero
652 2778 889 2862 professionem
922 2779 1102 2841 emiserunt
1139 2800 1169 2841 a.
1206 2777 1294 2842 1682
1327 2779 1361 2841 in
1390 2796 1425 2837 es.

318 2895 403 2958 quae
437 2874 560 2938 dicitur
591 2873 778 2939 Declaratio
806 2873 896 2940 Cleri
922 2873 1096 2940 Gallicani.
1143 2876 1197 2939 De
1230 2875 1347 2939 eadem
1378 2873 1426 2935 hae

317 2974 352 3035 in
371 2971 612 3037 Dissertatione
635 2994 781 3056 agemus,
806 2974 853 3036 ita
876 2981 987 3036 tamen
1011 2982 1049 3036 ut
1071 2972 1170 3037 simul
1194 2971 1426 3058 efformationem

317 3080 348 3133 et
368 3068 507 3133 indolem
523 3070 755 3135 Gallicanismi
779 3079 811 3133 et
833 3081 970 3149 euentus,
994 3071 1050 3157 qui
1067 3069 1158 3134 illam
1173 3071 1425 3135 Declarationem

315 3176 564 3253 praecesserunt
589 3178 620 3232 et
643 3190 894 3254 praeparavere,
919 3167 1159 3233 describamus.

407 3285 436 3350 2.
477 3283 638 3349 Auctores
662 3285 843 3370 praecipui,
869 3285 925 3370 qui
950 3284 991 3349 de
1015 3284 1078 3347 hac
1101 3267 1298 3369 quaestione
1315 3277 1426 3348 consul

315 3391 468 3466 possunt,
499 3383 585 3445 inter
607 3381 689 3447 alios
712 3391 804 3446 sunt:
829 3381 986 3467 Phillips,
1012 3383 1253 3460 Kirclrcnreclct,
1285 3382 1350 3446 Vol.
1374 3377 1422 3442 Ill.

319 3480 354 3543 P.
378 3483 408 3543 1.
434 3479 457 3566 ᾗ
481 3483 564 3545 1.35.·
592 3477 714 3562 Gerin,
740 3481 928 3546 Recberdecs
951 3481 1137 3566 historiques
1161 3502 1216 3543 sur
1242 3475 1426 3543 l'Assemblie

391 3766 412 3836 ¹)
432 3767 463 3820 A.
484 3764 608 3830 Charlas,
637 3766 670 3819 de
696 3763 869 3819 libertatibus
897 3764 1024 3819 acclesiae
1052 3762 1226 3828 Gallicanae,
1255 3763 1286 3818 L.
1306 3763 1327 3818 1.
1354 3778 1374 3818 c.
1391 3758 1423 3812 13.

317 3861 344 3900 n.
364 3846 388 3898 6.
417 3876 445 3885 -
476 3844 598 3913 Optimos
618 3846 701 3900 etiam
720 3846 857 3913 episcopos
875 3845 1030 3900 diffidentia
1048 3845 1165 3911 quadam
1182 3845 1212 3898 in
1232 3845 1327 3899 Sedem
1343 3841 1424 3896 Reme·

317 3941 380 3979 nam
400 3925 509 3980 affectos
528 3924 621 3991 fuisse,
641 3926 742 3982 inferes
760 3941 794 3980 ex
806 3927 879 3980 notis
897 3926 952 3981 illis
964 3925 1105 3980 Fenelonii
1119 3925 1224 3980 verbis:
1246 3925 1314 3992 „Les
1331 3921 1423 3976 libam

316 4006 351 4059 de
378 4003 482 4073 l’eglise
511 4006 646 4074 gallicane
672 4011 736 4060 sont
763 4007 797 4060 de
815 4006 964 4061 veritsbles
991 4005 1152 4060 servitutes.
1190 4006 1219 4059 It
1244 4011 1285 4058 est
1307 4005 1366 4057 orat
1383 4015 1422 4067 que

317 4086 404 4138 Ranae
430 4104 447 4138 a
467 4087 500 4138 de
520 4092 581 4154 trop
609 4088 730 4156 praredes
752 4087 944 4155 primatiores,
971 4085 1040 4139 mais
1062 4085 1091 4152 je
1110 4085 1200 4138 crains
1220 4099 1314 4138 encore
1336 4081 1388 4151 plus
1402 4077 1421 4131 la

316 4163 458 4232 puissance
483 4166 575 4231 lafque
601 4170 631 4219 et
658 4182 694 4218 un
723 4166 861 4222 schisme.“
898 4166 995 4220 Lettre
1023 4180 1058 4217 au
1083 4165 1135 4217 duc
1160 4165 1193 4218 de
1213 4163 1374 4226 Cherrense,
1397 4159 1421 4210 de

317 4244 442 4298 Gambrsi
463 4247 479 4300 3
498 4245 552 4298 mai
572 4248 649 4302 1711.
