3336 4908
337 486 340 489 .
392 443 434 496 De
451 441 582 496 Romanis
599 439 785 495 Pontificibus.
1106 440 1158 494 sol

1 598 2 604 ’
54 586 206 670 Hispanus
239 587 329 672 apud
354 586 560 669 Pontificem,
593 597 629 650 ut
662 590 854 666 minaretur,
885 585 1082 669 Hispaniam
1117 583 1172 646 ab'

53 681 112 768 ipso
134 685 335 748 defecturam
361 706 441 766 esse,
480 686 543 748 nisi
568 685 707 749 Henrici
732 687 784 749 IV
807 682 948 748 asseclas
973 702 1159 745 excommu-

53 785 172 848 nicaret.
213 783 279 848 Sed
297 783 377 847 dum
401 772 472 845 istis
490 782 747 847 difficultatibus
762 783 878 848 Sixtus
890 781 922 844 V
945 787 1159 865 premeretur,

52 903 86 944 ex
107 881 166 945 hac
189 883 260 946 vita
284 882 421 967 ejusque
446 883 609 965 angustiis
627 891 731 946 morte
746 891 878 966 ereptus
891 887 939 942 est
955 878 1009 941 die
1022 877 1083 940 27⁰
1095 875 1161 939 Au·

51 980 130 1062 gusti·
148 1003 177 1044 a.
205 980 301 1045 1590.
326 1017 369 1025 -
394 978 432 1042 In
457 1001 516 1042 sua
539 981 666 1044 ratione
691 979 812 1064 agendi
845 977 955 1063 quoad
979 975 1093 1042 Gallos
1116 983 1162 1038 at·
1171 973 1232 1014 Μ
1248 972 1269 1012 V
1292 977 1331 1012 ³⁹¹²

51 1098 104 1161 que
126 1078 306 1163 Hispanos,
330 1077 445 1143 Sixtus
471 1077 500 1139 V
525 1079 586 1159 (uti
612 1080 712 1142 etiam
736 1078 793 1143 alii
819 1072 1009 1156 Pontifices)
1034 1094 1071 1137 eo
1096 1093 1163 1136 ma·

51 1176 127 1238 rime
154 1174 364 1260 respiciebat,
400 1184 437 1237 ut
466 1173 660 1260 religionem
690 1175 887 1241 catholicam
913 1182 945 1236 et
968 1180 1163 1256 potestatem

50 1275 131 1355 regni
147 1272 277 1338 Galliae
294 1282 457 1358 quantum
473 1273 544 1336 fieri
562 1270 673 1359 posset
689 1280 934 1338 conservarent.
965 1269 1163 1334 Cavendum

51 1380 118 1452 erat,
146 1394 188 1435 ne
214 1371 357 1455 Hispani
381 1371 718 1455 praeponderantiam
743 1369 923 1457 quamdam
952 1391 991 1432 ac
1016 1367 1163 1430 domina-

50 1469 160 1532 tionem
186 1467 410 1532 universalem
434 1470 663 1554 acquirerent,
689 1469 723 1532 id
745 1470 834 1532 enim
852 1467 1006 1551 dignitati
1023 1476 1055 1529 et
1068 1464 1164 1527 liber·

49 1567 98 1628 tati
109 1567 279 1630 Ecclesiae
292 1566 473 1630 admodum
487 1566 710 1651 periculosum
723 1566 910 1630 videbatur.
946 1563 1120 1648 Philippus
1130 1559 1164 1626 Π

51 1664 230 1728 missionem
256 1664 319 1728 sibi
342 1686 412 1728 esse
436 1665 594 1728 censebat
617 1665 812 1750 protegendi
827 1662 1030 1735 Ecclesiam
1055 1661 1165 1723 sedin

1209 1037 1294 1076 dantia.

50 1762 102 1824 ista
125 1765 328 1846 protectione
352 1763 477 1847 passim
502 1763 642 1826 nimium
672 1762 735 1826 sibi
767 1761 953 1846 arrogabat,
984 1782 1023 1823 ao
1048 1760 1164 1820 merito
1237 1764 1238 1768 ’

51 1861 217 1925 verebatur
233 1861 347 1926 Sixtus
364 1861 405 1939 V,
429 1882 472 1923 ne
496 1863 522 1923 si
541 1861 684 1946 Hispani
709 1882 872 1924 summam
889 1861 1039 1924 omnium
1055 1877 1165 1918 rerum

1 2118 3 2123 ,
45 2054 181 2138 jectione
206 2057 350 2142 quadam
362 2116 364 2119 .
376 2057 475 2121 valde
499 2060 601 2121 noxia
617 2068 792 2123 teneretur.
827 2057 916 2120 Hinc
931 2077 998 2119 non
1015 2052 1166 2116 obstante

49 2152 270 2238 indignatione
283 2154 520 2240 Hispanorum,
546 2155 588 2219 ob
603 2157 801 2239 gravissima
818 2155 943 2218 motiva
967 2151 1166 2235 simulatque

50 2249 111 2312 fieri
135 2262 264 2336 poterat
294 2252 337 2316 ad
361 2253 666 2317 reconciliationem
698 2275 774 2317 cum
800 2253 945 2317 Hem-ico
968 2251 1020 2314 IV
1053 2269 1166 2334 perve-

52 2349 115 2412 nire
138 2350 308 2431 studuit.¹)

115 2627 137 2693 ¹)
154 2623 304 2693 Aptissima
321 2625 354 2678 de
372 2629 450 2678 statu
468 2640 559 2679 rerum
577 2640 610 2678 ae
627 2625 660 2678 de
679 2624 819 2692 principiis
847 2624 944 2690 quibus
962 2623 1055 2678 Sirius
1073 2623 1099 2678 V
1126 2618 1167 2678 re·

49 2701 97 2758 late
121 2707 154 2758 ad
173 2705 281 2760 Galliae
305 2705 419 2773 negotia
443 2705 591 2773 regebatur
615 2704 677 2773 agit
695 2703 814 2769 Hubner,
840 2705 1029 2774 Siste-Quint,
1053 2705 1167 2759 Coraciu-

49 2785 102 2836 a'oa
118 2787 155 2851 II,
176 2800 209 2839 ex
228 2801 280 2851 quo
299 2799 379 2852 opere
397 2784 463 2838 haec
482 2785 603 2839 delibare
622 2789 803 2852 opportunum
816 2784 934 2840 videtur.
963 2785 1021 2851 ,En
1040 2789 1168 2851 presence

49 2862 88 2916 des
111 2868 284 2918 evenemeuts
308 2865 375 2918 dont
400 2865 428 2917 la
446 2865 551 2918 Franoe
574 2871 617 2919 est
644 2865 670 2918 le
698 2864 813 2929 theatra,
842 2862 1017 2932 sixte-Quint
1043 2864 1169 2933 poursuit

49 2942 111 2996 deux
135 2944 212 2997 buts:
238 2945 265 2996 la
289 2944 481 2998 conservation
506 2945 539 2998 de
558 2945 585 2997 la
603 2944 721 3012 religion
741 2943 895 3010 catholique
914 2950 1076 3012 gravemeut
1101 2955 1169 2999 com·

48 3024 164 3089 promise,
189 3029 218 3078 et
242 3024 474 3092 laffieonservatiou
495 3025 527 3078 de
546 3024 574 3077 la
592 3025 696 3078 Franoe
714 3027 731 3077 a
750 3023 828 3078 fetat
846 3025 879 3078 de
898 3025 1040 3093 puissance
1059 3026 1092 3079 de
1110 3039 1169 3092 pre

49 3101 111 3155 nior
129 3104 212 3160 ordre.
250 3103 273 3156 Il
293 3110 335 3157 est
354 3104 504 3158 eonvaincu
533 3119 584 3170 que
609 3104 633 3158 si
657 3105 684 3157 la
702 3104 827 3158 nouvelle
846 3104 996 3159 confession
1015 3109 1059 3159 est
1085 3105 1169 3158 intro·

49 3182 117 3236 nisee
135 3199 167 3238 en
178 3184 289 3249 france,
309 3186 366 3238 e’en
385 3190 428 3238 est
446 3184 502 3237 fait
520 3200 588 3251 pour
606 3185 769 3252 longtemps,
788 3186 925 3251 peut-tire
938 3200 1005 3252 pour
1023 3186 1070 3238 des
1088 3187 1170 3252 gene·

49 3263 154 3327 ratione,
173 3264 205 3318 de
224 3264 251 3317 la
270 3264 387 3332 religion
407 3264 561 3331 catholique
580 3279 613 3318 en
627 3265 742 3332 Europe.
764 3305 810 3318 ...
830 3263 858 3317 Si
871 3265 900 3316 la
912 3265 1016 3318 France
1035 3265 1170 3319 embrasse

50 3340 75 3392 la
91 3342 203 3397 reforma
221 3347 400 3411 protestante,
420 3360 449 3398 se
468 3344 564 3409 dibon,
584 3345 611 3397 la
630 3344 749 3412 religion
768 3342 922 3410 estholique
951 3343 1117 3411 dispamitra
1134 3344 1175 3398 du'

52 3422 141 3475 monde
166 3423 278 3480 civilise.
316 3424 340 3478 Il
360 3424 421 3477 fans
440 3425 507 3478 done
526 3440 626 3479 sauver
643 3425 671 3478 la
689 3424 806 3492 religion
826 3423 980 3491 catholique
1005 3441 1038 3478 en
1057 3425 1170 3480 Franm

51 3500 116 3554 llais
132 3503 153 3555 si
173 3503 314 3558 laFrance
332 3505 446 3559 descend
465 3505 501 3558 du
520 3520 591 3573 rang
610 3505 642 3558 de
661 3505 766 3573 grande
785 3504 935 3571 puissunoe
955 3505 977 3557 si
998 3504 1050 3558 elle
1069 3510 1113 3558 est
1130 3505 1170 3558 in-

54 3579 140 3636 lessies
158 3587 174 3636 a
192 3584 350 3653 l'Espagne,
379 3600 441 3638 sans
461 3585 543 3638 doute
568 3584 769 3638 officiellement
794 3584 846 3638 elle
873 3592 977 3638 restem
1002 3585 1170 3652 catholique;

51 3661 113 3714 mais
134 3662 159 3716 le
183 3670 284 3730 uentre,
309 3664 335 3718 le
360 3665 448 3732 grand
467 3662 544 3730 foyer
562 3665 595 3718 de
620 3665 647 3717 la
671 3663 717 3728 foi,
745 3664 771 3717 le
790 3664 968 3732 SaintSiege,
997 3665 1170 3732 disparuitrs,

51 3742 141 3805 perdia
160 3748 237 3797 toute
255 3744 463 3812 independens,
492 3759 527 3797 ne
554 3759 615 3797 sera
640 3744 699 3812 plus
719 3759 771 3810 que
789 3744 814 3798 le
833 3745 950 3812 premier
968 3744 1086 3798 benefice
1105 3745 1172 3798 dont

52 3817 87 3872 les
103 3823 153 3876 rois
172 3823 527 3891 catholiquesdisposeront,
547 3824 626 3890 qu'ils
646 3823 821 3878 confereront
838 3827 854 3876 a
873 3825 919 3878 des
938 3825 1039 3878 dociles
1057 3830 1086 3878 et
1104 3839 1173 3877 eom·

52 3899 177 3964 plaisants
193 3904 304 3957 favoris.
340 3904 417 3959 Voiei
436 3905 504 3958 done
521 3905 561 3958 les
580 3905 746 3958 conclusione
774 3905 931 3970 auxquelles
959 3920 993 3956 en
1022 3903 1173 3957 arrivaient

52 3976 88 4032 les
103 3997 245 4048 personnes
264 3983 427 4038 interessees
446 3999 481 4037 au
499 3984 633 4037 maintien
651 3985 685 4037 de
703 3985 730 4037 la
749 3985 866 4052 religion
885 3984 1047 4050 catholique.
1072 3989 1101 4037 et
1125 3983 1173 4036 nul

53 4073 84 4111 ne
99 4061 185 4116 l'etait
204 4064 264 4130 plus
283 4079 335 4129 que
353 4065 378 4118 le
397 4064 460 4118 chef
476 4065 510 4117 de
528 4063 647 4132 l'Eglise.
686 4065 710 4117 Il
729 4064 820 4118 fallait
838 4081 938 4118 ssuver
961 4065 989 4116 la
1007 4064 1125 4131 religion
1145 4070 1173 4117 et
1207 4070 1211 4077 ‘

55 4135 79 4188 la
94 4139 201 4208 France,
221 4148 250 4196 et
269 4143 292 4196 si
311 4145 365 4198 l’on
384 4159 418 4198 ne
437 4143 551 4212 pouvait
570 4144 678 4198 obtenir
697 4160 740 4198 ees
758 4145 829 4197 deux
848 4145 987 4210 resultas,
1008 4144 1127 4197 sacrifier
1146 4144 1173 4197 la

53 4215 147 4277 France
164 4239 232 4291 pour
250 4238 350 4279 sauver
369 4225 396 4277 la
415 4225 541 4292 religion.
571 4223 670 4278 O¹etait
683 4239 737 4278 une
747 4224 813 4278 dure
823 4231 851 4278 et
861 4225 982 4278 extreme
994 4223 1173 4290 eventualite‚
