2964 4912
441 470 639 526 Declarationis
658 471 790 537 sequelae.
1126 472 1178 527 365

67 613 306 698 abrogationem
331 624 578 680 consenserunt.
625 612 721 678 Solus
748 635 808 678 rex
833 613 962 679 Galliae
985 614 1178 680 Ludovicus

67 713 194 794 restitit,
231 722 263 775 et
286 733 373 776 novo
402 711 509 796 legato
538 710 653 778 Carolo
677 713 878 795 Lavardino,
914 735 1013 797 quem
1037 735 1067 778 a.
1095 713 1178 778 1687
1207 716 1334 757 ¹⁴⁸V⁸fd¹¹¹⁵

67 809 196 874 Romam
214 810 312 890 misit,
339 809 428 874 mille
446 811 577 873 circiter
593 809 713 874 milites
732 808 872 890 addidit,
898 810 1019 896 quibus
1035 813 1063 874 is
1077 820 1180 876 totam
1210 793 1224 820 ⁰

1226 780 1339 830 egotlum.

67 907 150 970 urbis
167 910 343 991 regionem
367 930 426 993 per
450 929 550 993 quam
575 906 704 992 asylum
722 906 888 972 Gallicum
913 908 1064 974 valuerat
1087 931 1181 974 occu·

67 1007 161 1089 pavit,
187 1008 340 1091 quamvis
354 1007 511 1070 Pontifex
535 1005 596 1070 sub
617 1007 972 1070 excommunicationis
995 1029 1104 1092 poena·
1123 1009 1181 1072 im-

67 1105 236 1167 munitates
260 1103 333 1168 illas
364 1106 448 1168 tueri
472 1103 705 1189 prohibuisset.
752 1104 907 1168 Pontifex
936 1107 1052 1170 merito
1077 1106 1182 1190 indig-

66 1211 155 1264 natus
188 1201 418 1266 Lavardinum
451 1224 559 1287 neque
593 1211 629 1265 ut
659 1200 806 1285 legatum
839 1203 977 1285 agnovit
1009 1225 1117 1289 neque
1148 1207 1182 1268 in

66 1308 273 1383 conspectum
297 1321 392 1364 suum
417 1300 562 1380 admisit,
586 1298 645 1362 sed
670 1319 745 1362 eum
769 1300 1106 1364 excommunicationi
1131 1298 1183 1364 de·

66 1395 198 1460 claravit
222 1397 420 1483 subjectum.
463 1397 576 1477 Quum
600 1396 818 1461 nibilominus
834 1397 1045 1462 Lavardinus
1070 1398 1183 1462 solem·

66 1496 145 1558 niter
168 1495 250 1559 festo
268 1497 461 1560 Natiuitatis
477 1496 614 1559 Domini
640 1496 742 1558 sacris
766 1497 801 1558 in
820 1494 959 1560 ecclesia
976 1519 999 1562 s.
1016 1496 1183 1560 Ludovici

66 1593 249 1675 interesset,
273 1593 491 1658 innocentius
515 1615 587 1658 eam
613 1591 785 1658 Gallorum
811 1592 984 1658 ecclesiam
1008 1595 1184 1659 interdicto

65 1691 178 1757 affecit.
226 1691 321 1756 Haec
354 1714 456 1778 quum
481 1694 515 1756 in
541 1690 651 1756 Gabia
684 1693 922 1771 innotuissent,
960 1690 1014 1756 die
1046 1692 1107 1757 30⁰
1130 1693 1185 1758 Ja-

66 1791 167 1852 nuarii
192 1812 221 1854 a.
251 1790 336 1854 1688
361 1791 545 1874 Dionysius
569 1788 674 1854 Talon
702 1792 813 1874 regius
837 1790 1020 1854 advocatus
1043 1791 1185 1855 virulen-

66 1889 185 1951 tamin
210 1887 425 1952 Parlamento
451 1897 566 1952 contra
588 1889 822 1952 Innocentium
850 1887 968 1952 habuit
992 1889 1185 1969 orationem,

66 2006 126 2068 qua
149 2007 187 2050 eo
212 2008 406 2072 progressus
431 1996 489 2068 est,
513 1995 551 2049 ut
565 1985 762 2050 Pontificem
787 1995 968 2068 accusaret,
994 1987 1082 2071 quod
1106 1987 1185 2052 Jan·

66 2084 190 2154 senistis
224 2085 373 2148 favorem
407 2085 641 2169 praestitisset3
677 2105 718 2147 ac
755 2081 833 2147 dein
866 2104 942 2148 cum
976 2094 1186 2169 procuratore

66 2183 149 2264 regio
184 2183 225 2246 de
251 2183 377 2265 Harlay
411 2181 453 2246 ab
478 2182 673 2246 Innocentio
697 2181 749 2246 XI
782 2180 825 2245 ad
856 2183 1000 2266 primum
1033 2182 1188 2266 generale

67 2275 249 2344 Concilium
274 2289 433 2365 tanquam
457 2279 499 2344 ab
524 2279 631 2343 abusu
655 2280 826 2364 potestatis
849 2279 1050 2363 pontificiae,
1078 2280 1187 2365 appel-

65 2374 216 2442 lationem
257 2378 409 2443 instituit.
456 2378 529 2441 Rex
568 2399 646 2440 vero
685 2377 826 2442 decursu
865 2375 954 2442 illius
989 2379 1070 2442 anni
1102 2379 1189 2442 1688

66 2473 271 2540 Avenionem
296 2497 354 2560 per
377 2474 499 2539 milites
523 2477 710 2559 occupavit,
736 2485 768 2538 et
791 2475 954 2539 Nuntium
978 2475 1187 2561 pontificium

66 2571 103 2636 ab
117 2574 314 2638 Innocentio
338 2583 531 2639 revocatum
556 2573 691 2638 militari
707 2595 808 2638 manu
832 2574 979 2640 retinuit.
1017 2575 1190 2639 Postremo

66 2677 130 2752 ipse
160 2672 215 2735 die
240 2672 301 2736 24⁰
324 2671 528 2756 Septembris
559 2681 732 2757 praesente
756 2672 956 2736 confessario
981 2673 1052 2758 ejus
1076 2672 1113 2737 P.
1137 2672 1189 2736 La

67 2767 184 2834 (lhaiae
221 2779 254 2832 et
287 2769 538 2855 archiepiscopo
573 2770 771 2854 Parisiensi,
809 2770 949 2835 dictavit
982 2772 1188 2855 procuratori

65 2866 207 2950 generali
237 2867 278 2932 de
302 2867 429 2952 Harlay
454 2866 702 2954 appellationem
726 2891 747 2931 a
772 2869 920 2952 Pontsflce
944 2869 988 2931 acl
1015 2866 1190 2933 Concilium

64 2966 206 3048 penerale
230 2987 370 3051 eamque
394 2966 448 3031 die
470 2966 530 3030 27⁰
547 2964 751 3050 Septembris
768 2968 921 3050 signavit.
962 2966 1061 3031 Hanc
1077 2966 1188 3052 appel-

64 3062 217 3128 lationem
242 3066 342 3129 etiam
366 3065 530 3148 episcopis
555 3065 675 3146 viginti
700 3086 774 3144 sex,
800 3065 857 3149 qui
881 3073 951 3127 tum
975 3064 1112 3128 Parisiis
1136 3086 1187 3128 co·

65 3162 154 3224 mitia
178 3161 358 3243 habebant,
384 3163 662 3242 communicavit,
693 3163 784 3247 iique
808 3163 878 3245 regi
902 3163 1026 3246 gratias
1050 3170 1190 3245 egerunt

65 3279 119 3342 pro
144 3261 447 3323 communicatione
471 3261 551 3344 ipsis
574 3259 681 3341 facta,
715 3257 806 3323 haud
829 3268 941 3322 tamen
964 3267 1077 3343 aperte
1102 3280 1187 3322 com·

65 3356 292 3438 probationem
324 3355 556 3441 appellationis
579 3355 815 3442 adjecerunt.¹)
862 3357 1056 3421 Ludovicus
1084 3356 1188 3420 altero

65 3474 149 3520 anno
180 3455 266 3519 1689
300 3456 391 3518 visus
424 3465 472 3519 est
505 3457 596 3520 viam
630 3454 809 3540 quamdam
842 3454 885 3520 ad
919 3454 1185 3518 conciliationem

66 3551 269 3627 desiderare3
305 3574 383 3616 nam
411 3552 641 3616 Lavardiuum
673 3553 779 3616 Roma
809 3554 981 3634 avocavit,
1017 3552 1188 3638 aliumque

64 3647 224 3734 legatum,
261 3649 381 3714 ducem
404 3651 443 3714 de
471 3647 643 3730 Clunlnes,
679 3672 717 3714 eo
742 3651 841 3714 misit.
890 3649 955 3716 Sed
986 3650 1082 3714 brevi
1113 3660 1189 3734 post

67 3746 117 3811 dic
142 3749 201 3813 12⁰
216 3749 361 3832 Augusti
384 3771 414 3812 a.
434 3747 519 3812 1689
535 3748 751 3813 Innocentius
765 3748 817 3813 XI
840 3758 989 3812 mortuus
1006 3765 1055 3812 est
1077 3758 1187 3813 aetate

66 3849 274 3932 septuaginta
297 3856 423 3930 septem
448 3867 622 3910 annorum.

151 3955 205 4020 58.
251 3954 294 4018 Ili
327 3955 485 4018 suecessit
518 3954 571 4019 die
605 3954 642 4020 6⁰
674 3953 828 4020 Octobris
861 3952 1054 4018 Alexander
1087 3953 1186 4036 VHl,

67 4052 121 4134 qui
160 4050 298 4115 dissidia
338 4074 413 4115 cum
450 4073 527 4136 rege
567 4053 772 4116 Francorum
811 4072 1009 4136 componere
1047 4053 1185 4118 studuit.

67 4174 276 4184 ξ*-

138 4244 159 4315 ¹)
179 4244 233 4300 cfr.
253 4245 337 4300 Gerin
355 4245 372 4302 l.
392 4261 413 4303 c.
433 4261 457 4314 p.
477 4247 530 4299 446
549 4261 604 4312 sqq.
