3336 4908
259 465 300 518 De
319 462 541 518 condemnatione
560 460 678 528 quinque
696 461 918 529 propositionum.
1098 463 1150 516 261

51 631 123 687 vero,
145 630 303 693 personae
320 605 563 670 ecclesiasticae
580 605 797 688 dignissimae
813 613 845 668 et
860 607 994 690 pietatis
1011 607 1151 688 insignis

49 728 209 791 eorumque
227 706 408 786 doctrinae,
425 703 626 783 Themistae,
644 702 794 766 doctores
810 701 989 783 Serbonae,
1007 707 1151 767 maxime
1248 704 1250 711 '

50 826 112 867 vero
125 804 297 868 Societatis
311 804 331 868 J
336 825 394 866 esu
411 800 559 864 membra
573 801 716 864 irrisioni
728 812 760 864 et
773 799 916 864 ludibrio
935 802 1152 868 vovebantur.

48 903 105 964 lmo
136 903 241 966 faceta
271 900 487 965 mordacitate
518 907 586 962 tota
615 897 766 963 doctrina
792 898 924 962 moralis
948 900 1152 965 Jesuitarum

47 1003 245 1086 omniumque
270 1001 326 1087 qui
352 1019 465 1062 corum
491 996 645 1061 methodo
670 997 796 1060 addicti
821 1006 916 1061 erant
938 1009 974 1062 ut
996 1020 1153 1084 perversa

48 1097 262 1164 damnabatur.
311 1097 423 1178 Quium
456 1118 534 1159 vero
565 1096 648 1159 liber
672 1095 727 1160 illc
751 1096 852 1160 Blasii
878 1095 991 1159 Pascal
1022 1118 1061 1160 ea
1084 1109 1153 1161 arte

46 1217 134 1280 eoque
158 1197 243 1281 stylo
269 1196 475 1278 conscriptus
498 1192 686 1274 haberetur,
718 1203 755 1256 ut
784 1195 870 1257 inter
894 1216 993 1279 opera
1017 1194 1155 1259 classica

44 1303 264 1375 recenseretur,
290 1293 368 1357 inde
384 1292 426 1356 ab
444 1291 589 1355 editione
602 1314 662 1356 sua
672 1313 731 1376 per
744 1289 999 1377 subsequentem
1012 1303 1152 1357 aetatem

46 1412 133 1474 usque
165 1390 209 1454 ad
241 1391 311 1454 dies
344 1400 472 1453 nostros
503 1389 764 1452 funestissimum
796 1391 946 1453 exercuit
980 1389 1154 1456 influxum.

45 1487 140 1572 Atque
164 1488 264 1574 hujus
288 1491 352 1552 viri
378 1498 525 1569 conatus,
551 1488 672 1571 impiis,
698 1487 822 1568 deictis,
848 1486 1027 1551 incredulis
1050 1489 1154 1552 veluti

45 1586 182 1670 exemplo
214 1587 286 1668 fuit,
321 1597 358 1650 ut
380 1585 574 1669 religionem
599 1586 736 1671 ejusque
761 1586 928 1648 ministros
951 1607 1010 1669 per
1033 1589 1156 1671 scripta

45 1684 176 1748 irrisoria
193 1686 398 1768 contemptui
416 1693 631 1769 exponerent,
658 1704 786 1746 summo
804 1685 948 1746 nationis
962 1682 1155 1748 Gallicanae

44 1780 236 1866 aliarumque
259 1784 407 1866 gentium
435 1782 641 1846 detrimento.

118 1881 169 1946 51.
219 1882 294 1945 Non
330 1879 481 1945 obstante
516 1878 759 1944 Constitutione
794 1879 978 1944 Alexandri
1014 1880 1082 1942 Vll
1121 1889 1154 1944 et

43 1979 261 2064 episcoporum
301 1978 517 2064 plurimorum
553 1977 676 2058 labore,
717 1977 844 2043 Vicarii
881 1977 1052 2061 generales
1085 1978 1150 2045 duo

43 2074 272 2162 archiepiscopi
289 2077 484 2140 Parisicnsis
503 2074 690 2140 Cardinalis
707 2075 747 2139 de
763 2077 843 2140 Rctz
860 2099 890 2140 a.
906 2078 987 2141 1661
1013 2076 1147 2160 publico

44 2174 187 2239 mandato
213 2174 294 2240 d..d.
318 2175 356 2238 8⁰
379 2175 473 2239 Junii
498 2173 724 2254 adverterunt,
749 2186 895 2259 tempore
919 2176 1107 2238 Innocentii
1122 2176 1156 2241 X

43 2269 113 2333 nihil
138 2272 231 2337 aliud
256 2283 368 2336 actum
392 2294 462 2337 esse
486 2293 585 2357 quam
619 2273 827 2357 inquisitum,
859 2295 902 2335 aa
920 2275 1157 2360 propositiones

42 2370 162 2455 quicque
196 2370 235 2434 dc
262 2371 369 2456 gratio
398 2391 491 2434 carce
520 2380 549 2433 et
579 2369 758 2449 catholicae,
791 2371 963 2456 capotius
983 2370 1096 2456 falsae
1128 2384 1157 2435 ct

44 2487 179 2532 erroneae
192 2468 327 2554 forent;
344 2477 443 2553 atque
460 2469 679 2549 insinuarunt,
706 2468 816 2553 quoad
834 2470 1060 2553 quaestionem
1077 2470 1156 2533 facti

45 2585 92 2626 seu
115 2569 206 2630 circa
230 2566 479 2630 attributionem
504 2568 766 2652 propositionum
783 2566 867 2630 libro
885 2565 1036 2632 Jansenii
1062 2568 1157 2632 silen-

44 2664 114 2726 tium
138 2664 332 2748 religiosum
353 2664 514 2728 sufficere.
547 2664 612 2729 Sed
629 2665 805 2749 reprobata
828 2664 892 2727 fuit
915 2664 997 2728 haec
1021 2668 1157 2729 assertio

43 2760 76 2823 ab
99 2765 266 2848 episcopis
289 2761 452 2847 plurimis,
477 2785 517 2826 ac
535 2763 611 2825 dein
636 2761 766 2846 abipso
785 2761 1037 2848 Pontifice,uqui
1054 2765 1157 2827 Brevi

43 2857 108 2922 dato
125 2861 181 2924 die
209 2861 244 2923 1⁰
260 2861 403 2943 Augusti
428 2884 456 2925 a.
477 2860 559 2923 1661
586 2869 622 2922 nt
647 2860 835 2924 schismatis
858 2853 1008 2923 auctores
1032 2862 1158 2946 eosqui

42 2956 79 3020 ita
102 2958 225 3022 docent
248 2957 397 3042 percellit
428 2958 586 3043 (auctores
611 2960 789 3044 turpissimi
817 2959 991 3022 schismatis
1020 2981 1084 3022 esse
1108 2960 1158 3021 ole-

37 3057 280 3139 prcleadimcs).
313 3056 409 3119 Tunc
435 3055 480 3119 illi
496 3057 626 3119 Vicarii
650 3056 820 3140 generales
845 3054 1036 3118 mandatum
1062 3077 1158 3120 suum

41 3162 256 3218 retractarunt
269 3164 304 3216 ct
317 3156 512 3217 contrariam
524 3152 647 3217 duabus
661 3151 944 3218 Constitutioaibcs
953 3153 1158 3240 Apostolicis,

42 3259 68 3312 et
98 3254 295 3317 statuerunt
318 3274 404 3315 novo
437 3251 593 3316 mandato
606 3301 614 3333 ,
646 3260 684 3315 ut
714 3275 733 3315 a
758 3250 842 3315 clero
871 3253 991 3314 sincere
1015 3262 1044 3314 et
1067 3252 1159 3314 corde

42 3347 228 3414 formulario
252 3348 295 3413 ab
320 3351 485 3435 episcopis
509 3351 677 3433 proposito
693 3348 964 3414 subscriberetur.
1003 3351 1159 3413 Attamen

43 3450 189 3529 quamvis
229 3449 378 3532 episcopi
421 3449 604 3531 generatim
653 3446 931 3532 subscriptionem
977 3446 1159 3510 formularii

44 3556 213 3628 urgerent,
248 3546 403 3630 permulti
428 3566 501 3608 eam
526 3544 769 3623 detractarunt,
803 3567 842 3608 ac
867 3543 990 3606 malum
1015 3545 1160 3607 maxime

42 3642 221 3724 augebatur
252 3642 340 3721 inde,
373 3643 461 3728 quod
492 3645 578 3706 inter·
608 3642 668 3706 hos
700 3655 808 3706 essent
839 3652 980 3727 quatuor
1003 3642 1159 3726 episcopi,

43 3740 207 3806 Arnaldds
245 3741 500 3824 Andegavensis
540 3741 708 3824 (Angers),
749 3739 872 3804 Choart
910 3738 950 3802 de
988 3738 1160 3802 Buaeuval

42 3835 284 3903 Bellovacensis
308 3841 516 3922 (Beauvais),
547 3837 664 3902 Oaulct
688 3839 902 3924 Apamiensis
926 3837 1097 3920 (Pamicrs)
1129 3847 1160 3899 et

42 3934 187 4000 Pavillon
214 3936 399 4001 Alectensis
434 3936 567 4020 (Aleth).
615 3935 727 4016 Quum
760 3958 838 3999 vcro
870 3934 964 3997 multi
996 3933 1074 3997 huic
1098 3933 1159 3996 for·

44 4033 146 4097 mulae
169 4035 247 4099 fidei
272 4059 291 4098 a
316 4034 411 4099 Clero
430 4033 604 4099 Gallicano
630 4036 816 4118 propositae
840 4032 1047 4097 subscribere
1070 4054 1160 4095 recu-

45 4143 149 4197 sarent
172 4154 219 4213 ec,
245 4133 333 4218 quod
350 4142 478 4196 tantum
499 4131 542 4195 ad
559 4131 746 4195 Romanum
762 4130 958 4194 Pontificem
982 4135 1161 4215 pertineret

46 4247 221 4314 proponere
258 4230 357 4294 talem
392 4228 579 4311 formulam,
620 4229 812 4292 Alexander
843 4228 909 4292 Vll
947 4239 1080 4311 rogatus
1116 4226 1159 4290 ab

1186 1879 1306 1920 Varlorum

1170 1935 1310 1973 resistentia.
