2964 4912
357 511 398 564 De
417 511 619 566 Constitutione
643 512 816 580 lbripenitoa
1097 513 1150 567 303

41 654 164 716 narismi
189 654 330 738 analoga
354 677 424 718 esse
448 655 686 740 phaenomenis
705 655 917 738 blagnctismi
942 654 1094 718 animalis
1118 666 1150 720 et

41 751 224 835 Spiritismi,
264 763 296 816 et
335 775 378 815 ex
419 762 512 837 parte
552 752 706 836 malignis
742 752 913 836 spiritibus
948 752 1055 816 videri
1095 754 1149 818 ad·

40 849 246 931 scribenda.¹)

116 948 167 1013 93.
210 948 377 1028 Quoniam
410 969 488 1010 vero
523 958 674 1010 currente
707 947 837 1012 saeculo
871 948 1000 1012 decimo
1030 957 1148 1013 octavo
1160 950 1320 1052 ngtfs‘ffcerfffl

40 1046 67 1106 11
81 1043 187 1108 Gallia
204 1044 414 1132 Appollaateo
439 1068 496 1109 seu
520 1046 703 1109 adversarii
720 1046 835 1110 Bullae
855 1047 1040 1133 lbaipeuitua
1064 1049 1150 1112 inter
1196 1077 1285 1114 menta.

39 1141 161 1207 elericos
186 1143 372 1208 saeculares
396 1154 428 1206 et
451 1143 632 1229 regulares,
657 1145 744 1208 inter
768 1143 947 1208 monachos
971 1154 1003 1207 et
1027 1147 1149 1208 monia-

38 1238 85 1317 les,
108 1243 193 1304 inter
219 1242 369 1306 doctores
393 1252 426 1305 et
447 1241 550 1306 laicos
569 1244 603 1305 in
621 1242 749 1306 occulto
771 1242 1002 1327 perdurarunt,
1027 1245 1150 1326 passim

37 1337 166 1420 accidit,
191 1350 229 1402 ut
252 1363 271 1403 a
296 1339 522 1404 sacerdotibus
546 1339 739 1404 orthodoxis
763 1339 970 1404 moribundis
993 1342 1027 1402 in
1052 1361 1150 1425 oppo-

15 1436 143 1500 sitione
167 1439 384 1522 pertinaciter
411 1437 702 1522 perseverantibus
727 1438 843 1502 ultima
867 1448 1073 1502 sacramenta
1098 1437 1150 1501 de-

37 1545 236 1616 negarentur.
283 1535 366 1598 Erat
398 1557 493 1620 porro
525 1537 559 1599 in
584 1536 726 1600 dioecesi
750 1537 945 1617 Parisiensi,
979 1537 1027 1599 uti
1051 1545 1083 1598 et
1114 1537 1150 1599 in

36 1630 97 1694 aliis
113 1633 331 1714 dioecesibus,
350 1633 422 1718 jam
444 1633 569 1697 dudum
588 1634 680 1714 (inde
700 1633 1145 1719 aba1654loonstitutum,

38 1731 140 1814 utqui
165 1731 327 1794 viaticum
360 1733 507 1817 recipere
536 1730 779 1814 desiderabant,
804 1735 1047 1797 attestationem
1076 1755 1150 1796 oon·

37 1825 176 1892 fessionis
209 1838 363 1913 peractae
387 1828 531 1913 parocho
564 1829 738 1894 deferrent.
787 1829 900 1909 Quum
925 1851 1002 1892 vero
1026 1831 1149 1915 passim

37 1924 205 2006 accideret,
233 1935 267 1988 ut
292 1929 416 2008 aegroti
442 1928 475 1988 in
500 1929 708 2010 oppositione
733 1940 847 1991 eontra
871 1927 1056 1991 Ecclesiam
1079 1951 1149 2013 per-

37 2033 216 2086 severantes
241 2022 441 2108 presbyteris
456 2023 701 2109 appellantibus
719 2027 888 2110 suspensis
904 2025 1149 2106 confiterentur,

36 2123 269 2185 attestationem
293 2130 404 2184 autem
425 2122 651 2204 confessionis„
677 2146 718 2186 ne
735 2145 790 2186 eos
812 2123 997 2208 proderent,
1024 2124 1150 2187 deferre

37 2217 169 2296 parocho
194 2229 395 2298 recusarent,
421 2219 499 2282 inde
524 2223 648 2300 evenit,
674 2230 710 2284 ut
733 2220 856 2284 talibus
879 2243 1010 2306 quoque
1034 2221 1150 2285 ultima

36 2326 232 2380 sacramenta
258 2316 510 2400 denegarentur.
559 2318 764 2382 Acciderunt
788 2319 951 2404 ejusmodi
975 2342 1070 2384 casus
1091 2320 1150 2383 Pa-

37 2411 111 2476 risiis
141 2417 241 2478 annis
268 2414 353 2478 1749
377 2425 411 2478 et
435 2416 531 2480 1750.
579 2416 674 2478 Tune
704 2416 783 2480 huic
808 2418 938 2501 negotio
970 2439 1004 2480 se
1028 2419 1150 2480 immis-

38 2510 95 2571 cuit
117 2511 368 2576 Parlamentum
392 2513 594 2592 Parisiense,
621 2524 653 2577 et
676 2537 705 2578 a.
732 2515 817 2578 1752
842 2514 1010 2578 decretum
1035 2515 1149 2596 edidit,

39 2626 91 2687 quo
109 2610 295 2690 vetabatur,
320 2632 362 2673 ne
386 2612 440 2674 cui
457 2623 664 2675 sacramenta
684 2612 935 2696 denegarentur,
961 2612 1048 2696 quod
1063 2616 1150 2681 testi-

40 2707 175 2770 monium
209 2708 424 2772 confessionis
455 2709 613 2774 exhibere
646 2722 703 2774 aut
727 2733 847 2775 nomen
878 2709 1068 2774 confessarii
1099 2713 1150 2775 sui

38 2797 183 2886 iudicare,
210 2814 267 2868 aut
290 2806 421 2870 Bullam
449 2809 635 2893 Uaipeaitua
658 2820 830 2894 acceptare
853 2818 1029 2874 recusaret.
1077 2809 1150 2873 Hoc

39 2895 134 2979 ipsum
160 2902 332 2967 decretum
356 2904 533 2990 pleraeque
556 2906 668 2970 curiae
692 2908 725 2970 in
743 2908 924 2992 provinciis
939 2907 1148 2992 adoptarunt.

38 2989 108 3059 lude
138 3001 376 3066 vexationibus
407 3012 551 3088 potestas
581 3003 759 3068 saecularis
788 3007 959 3090 episcopos
991 3014 1023 3068 et
1046 3028 1150 3069 saeer-

39 3087 118 3156 dotes
148 3109 323 3180 persecuta
347 3109 406 3164 est.
456 3100 568 3179 Quum
602 3100 822 3166 dissensiones
852 3112 884 3166 et
906 3103 1023 3167 turbae
1054 3127 1150 3188 auge-

38 3200 148 3274 rentur,
173 3194 378 3260 Benedictus
403 3199 490 3262 XIV
516 3199 570 3262 die
597 3199 656 3262 16ο
680 3199 833 3264 Octobris
860 3203 945 3266 1756
968 3201 1075 3265 Breve
1098 3204 1151 3265 Eoe

38 3289 167 3354 curribus
201 3291 294 3357 dedit
321 3295 364 3358 ad
388 3296 555 3381 praesules
579 3295 709 3360 Galliae
740 3300 775 3362 in
800 3297 951 3363 Comitiis
975 3321 1151 3384 congrega-

38 3389 87 3462 lOS,
111 3409 175 3472 quo
202 3390 321 3454 iterum
344 3394 414 3456 vim
439 3392 651 3476 obligationis
676 3396 785 3480 quoad
806 3396 937 3460 Bullam
966 3399 1151 3484 Unigenitus

39 3483 224 3566 vindicavit,
249 3496 282 3550 et
306 3490 415 3574 quoad
440 3501 721 3556 sacramentorum
744 3495 996 3579 denegationem
1020 3494 1150 3578 regulas

39 3575 66 3640 in
95 3585 190 3666 praxi
225 3587 410 3670 sequendas
446 3592 667 3676 praescripsit.
714 3592 842 3678 Rejecit
874 3593 1008 3678 quidem
1041 3593 1150 3657 Parla-

39 3689 174 3743 mentum
199 3681 385 3749 Parisiense
409 3696 564 3772 proterva
587 3688 728 3752 audacia
753 3690 915 3774 ejusmodi
939 3692 1047 3754 Breve
1066 3691 1149 3755 Pon·

37 3768 134 3839 tificis.
182 3777 248 3842 Sed
273 3779 327 3844 die
349 3783 407 3846 10⁰
422 3784 618 3850 Decembris
633 3786 820 3850 Declaratt'o
843 3791 941 3872 rapio,
966 3789 1149 3853 secundum

39 3861 200 3937 Benedicti
216 3875 304 3940 XIV
329 3889 450 3943 statuta
474 3904 516 3944 ex
539 3893 633 3967 parte
658 3882 774 3947 saltem
799 3885 959 3963 confecta,
985 3886 1073 3950 edita
1090 3897 1148 3962 est,

38 3983 165 4054 eamque
198 3972 333 4040 demum
356 3977 603 4043 Parlamentum
635 3980 688 4044 die
711 3980 749 4045 5⁰
774 3981 976 4067 Septembris
1007 4008 1035 4050 a.
1063 3985 1147 4048 1757

40 4105 240 4126 Ἢ..

40 4201 196 4338 stolidi}
224 4205 324 4271 Blanc,
358 4207 396 4261 Le
424 4210 599 4264 merveilleux
632 4211 699 4265 daus
726 4211 751 4264 le
779 4212 949 4268 Jausenisme
983 4221 1034 4270 ete.
1063 4216 1148 4281 Paris,

100 4318 106 4343 ‚
194 4327 200 4338 .
