3288 4900
495 441 610 500 Concilii
628 442 754 512 periodus
771 442 864 501 tortia
1188 444 1240 512 rte

136 586 374 652 memoravimus
398 595 508 652 autem
531 585 595 650 hoc
612 585 792 668 decretum,
817 609 858 653 ne
873 588 1048 655 veritatem
1065 587 1240 654 videamur

135 684 248 767 fugere3
271 692 363 769 patet
385 683 545 750 videlicet
566 705 609 750 ex
631 683 695 750 hoc
719 683 861 766 decreto,
881 706 1003 753 revera
1027 685 1091 754 illis
1115 696 1239 772 tempo·

134 781 211 846 ribus
238 805 257 844 a
288 781 487 866 quibusdam
521 781 752 866 quaestoribus
782 781 906 846 abusus
934 803 1005 848 esse
1036 784 1238 867 commissos,

135 902 165 942 ao
178 891 346 966 propterea
360 881 580 951 ministerium
592 879 674 946 illud
689 881 821 966 penitus
836 901 907 944 esse
921 879 1092 946 abolitum.
1125 881 1239 966 Usque

133 977 201 1042 adeo
216 977 381 1043 interdum
406 986 534 1063 oportet
557 975 646 1045 bona
669 977 834 1064 quaedam
851 1000 868 1042 e
885 977 993 1043 medio
1014 979 1137 1061 tollere,
1162 1000 1239 1044 oum

133 1075 355 1158 pullulantibus
376 1075 457 1142 iude
482 1074 576 1140 malis
600 1074 675 1161 plus
699 1097 737 1140 ea
755 1075 944 1141 detrimenti
961 1077 1111 1160 afferant,
1136 1098 1236 1164 quam

133 1174 225 1258 siper
247 1197 282 1240 se
307 1173 394 1238 mala
417 1174 564 1255 lorent1)

206 1297 277 1365 104.
325 1300 388 1364 Pro
412 1308 570 1384 sequente
602 1301 746 1363 sessione
770 1297 926 1364 habenda
948 1319 1070 1383 magno
1093 1319 1169 1362 cum
1193 1297 1409 1402 ¹²·⁰⁰,¹,¹‚²',⁰,{⁶,{⁸,‘²

135 1395 194 1459 bore
216 1419 255 1460 ao
278 1399 409 1462 fervore
434 1397 638 1482 disputatum
661 1407 712 1461 est
745 1397 784 1460 de
807 1399 929 1462 Mesua
952 1397 1106 1480 sacrificio
1137 1405 1238 1482 atque
1293 1425 1365 1465 rouo.

130 1494 231 1558 iterum
271 1494 310 1559 de
348 1495 544 1558 coneedendo
576 1495 683 1560 eolice.
735 1495 779 1558 Et
814 1496 923 1580 quoad
957 1497 1100 1581 primum
1138 1501 1239 1579 eaput

129 1596 292 1678 praecipue
308 1593 529 1677 disceptatum
553 1593 626 1674 fuit,
651 1615 695 1657 an
713 1591 866 1658 Christus
880 1593 1045 1657 Dominus
1069 1616 1104 1656 se
1127 1595 1238 1677 ipsum

130 1689 155 1750 in
169 1711 266 1754 coena
291 1690 523 1772 immolaverit,
548 1699 580 1755 st
604 1713 645 1754 an
658 1689 809 1776 Apostoli
825 1691 1002 1755 sacerdotii
1027 1691 1178 1755 ordinem
1202 1692 1238 1754 in

128 1807 216 1851 coena
239 1791 456 1873 susceperint.
503 1791 555 1852 De
581 1788 703 1853 Ohristi
728 1788 895 1854 oblatione
919 1789 1031 1854 selecti
1055 1787 1170 1852 Patres
1199 1810 1238 1852 eu

128 1882 331 1968 digesserunt,
348 1909 434 1972 quae
450 1889 659 1951 communius
675 1887 913 1972 probabantur,
931 1889 1060 1951 omissis
1075 1886 1236 1971 litigiosis,

127 1980 260 2048 dicentes
290 1987 389 2054 sicuti
421 2005 509 2048 nunc
542 1984 692 2066 habetur,
724 1983 979 2071 Redemptorem
1010 1988 1044 2049 in
1076 2006 1179 2049 coena
1202 2004 1237 2050 se

126 2077 270 2146 obtulisse
294 2085 330 2146 in
347 2083 547 2147 sacrificium
564 2083 654 2146 Patri
679 2082 740 2145 sub
764 2086 874 2168 specie
897 2085 993 2168 panis
1017 2094 1058 2148 et·
1073 2086 1154 2166 vini,
1179 2083 1237 2148 sed

127 2197 180 2260 quo
206 2201 329 2263 genere
368 2181 522 2244 sacrificii
561 2201 628 2246 non
667 2180 908 2267 exprimebant.
957 2181 1076 2262 Quoad
1099 2181 1236 2248 alteram

125 2281 342 2358 quaestionem
381 2279 422 2342 de
460 2279 644 2343 sacerdotio
681 2279 849 2364 Apostolis
890 2281 926 2343 in
965 2302 1069 2344 coena
1107 2279 1235 2361 collato,

126 2371 296 2440 (luerrerus
330 2399 405 2441 cum
440 2377 690 2463 archiepiscopo
714 2377 911 2442 Bracarensi
935 2389 967 2442 et
991 2377 1065 2443 aliis
1097 2377 1237 2442 difficul-

126 2473 234 2538 tatibus
258 2475 483 2558 inhaeserunt,
508 2477 737 2539 existimantes
753 2498 773 2539 a
788 2476 941 2561 pluribus
956 2475 1111 2540 Patribus
1134 2473 1236 2538 tribui

126 2569 322 2637 collationem
348 2574 523 2638 sacerdotii
547 2573 613 2637 illis
637 2573 749 2638 verbis
774 2571 898 2637 Christi
930 2583 1005 2658 post
1027 2574 1237 2637 resurrectio·

127 2688 203 2733 nem:
228 2672 374 2756 Accipite
388 2670 545 2758 Spiritum
561 2682 714 2738 sanctu-m.
746 2669 869 2736 Hosius
893 2671 1033 2755 legatus,
1059 2679 1095 2734 ut
1110 2679 1237 2733 senten-

124 2767 191 2831 tiam
215 2791 317 2854 quam
341 2771 441 2832 etiam
464 2769 558 2837 libris
582 2771 649 2832 suis
673 2768 877 2851 defenderet,
902 2780 1058 2850 tueretur,
1084 2768 1237 2832 distinxit

126 2869 278 2945 geminam
318 2877 513 2953 potestatem
544 2891 565 2930 a
597 2865 729 2930 Christo
763 2867 991 2931 sacerdotibus
1023 2867 1235 2950 impertitam,

127 2960 247 3028 alteram
263 2964 307 3029 ad
323 2987 440 3028 verum
458 2967 561 3050 ipsius
585 2986 704 3049 corpus
728 2967 933 3047 attinentem,
958 2964 1095 3028 alteram
1111 2963 1154 3026 ad
1167 2985 1235 3026 cor·

126 3079 174 3140 pus
203 3066 383 3148 mysticum
414 3063 502 3148 quod
535 3085 577 3126 ex
600 3061 757 3126 fidelibus
787 3073 924 3128 constat.
970 3063 1118 3127 Priorem
1151 3083 1236 3146 quae

123 3156 303 3225 facultatem
333 3161 548 3226 consecrandi
581 3162 750 3245 importat,
782 3160 885 3225 fuisse
918 3160 982 3224 illis
1013 3159 1168 3224 traditam
1201 3161 1235 3222 in

123 3277 224 3342 coena,
256 3281 319 3324 neo
351 3259 454 3323 ullum
486 3281 529 3324 ex
552 3261 700 3345 antiquis
723 3257 879 3322 Patribus
903 3259 936 3322 id
961 3279 1100 3342 negare3
1131 3266 1235 3342 posto-

123 3354 230 3421 riorem
254 3380 341 3444 quac
364 3360 593 3429 auctoritatem
615 3353 810 3423 absolvendi
828 3356 1060 3440 complectitur
1074 3377 1146 3419 eum
1164 3375 1235 3419 csse

123 3470 211 3533 quam
241 3455 397 3520 Christus
431 3455 605 3520 redivivus
638 3457 908 3520 communicavit.
938 3491 980 3502 -
1011 3453 1235 3519 Nihilominus

123 3555 254 3630 perstitit
277 3552 496 3620 Granatensis
532 3557 697 3618 insensu
733 3575 801 3633 suo,
842 3562 875 3615 et
910 3554 945 3616 in
970 3551 1235 3637 Congregatione

121 3651 256 3727 generali
281 3653 462 3715 sessionem
486 3651 709 3738 praecedenti,
735 3651 782 3713 uti
802 3650 875 3735 jam
899 3645 1052 3734 superius
1076 3649 1234 3733 diximus,

124 3745 247 3830 triginta
278 3748 393 3812 Patres
433 3751 625 3813 canonistas
665 3747 832 3812 adversati
867 3757 951 3813 sunt.
1006 3747 1091 3810 Inde
1122 3756 1234 3811 tamen

121 3841 299 3909 nullatenus
324 3849 480 3910 commoti
504 3855 581 3910 sunt
605 3847 723 3929 Legati
747 3841 881 3930 utquid
905 3854 1082 3925 mutarent,
1108 3845 1167 3909 s'ed
1192 3844 1235 3908 ad

123 3944 322 4010 concordiam
346 3945 514 4031 praesules
537 3953 614 4009 sunt
638 3943 769 4008 hortati.

122 4117 323 4133 Ἓ-

188 4229 208 4299 1)
227 4229 282 4288 oe.
301 4230 431 4286 Pallavic.
452 4230 482 4288 L.
501 4230 591 4287 XVII.
611 4229 639 4284 Ο.
659 4229 692 4284 Χ.
711 4244 738 4285 n.
759 4229 800 4282 12.
822 4228 863 4286 13.
