3020 4908
318 486 358 540 De
376 485 597 541 Febrcnianismo
615 501 647 541 ac
665 486 698 541 de
715 485 922 555 Josephinismo.
1128 488 1182 542 419

578 784 659 847 111.

113 926 182 989 De
204 925 569 1005 Febronr'une'smo,
602 927 652 990 de
675 927 986 1006 Josepnruumo
1017 933 1055 991 et
1077 929 1127 992 de
1168 948 1171 956 ’

286 1034 580 1113 suppressione
602 1033 813 1098 secretum
837 1034 955 1099 Jesu.

150 1210 203 1274 54.
253 1209 342 1272 Dum
375 1208 505 1272 saeculo
540 1208 669 1272 decimo
701 1219 818 1272 octavo
851 1219 1002 1274 currente
1034 1210 1070 1273 in
1103 1208 1182 1275 Ger·
1199 1213 1343 1315 fflssftlfa

68 1308 172 1370 mania
196 1305 457 1392 septemtrionali
481 1308 567 1370 inter
591 1308 816 1370 Protestantes
843 1307 1088 1372 rationalismus
1111 1330 1183 1392 pro·

67 1404 256 1489 pagabatur,
281 1404 402 1470 multos
426 1406 525 1468 etiam
542 1402 731 1468 Catholicos
755 1413 826 1468 tum
848 1403 1088 1470 ecclesiasticos
1112 1416 1182 1470 tum

66 1500 161 1566 laicos
185 1504 321 1588 spiritus
344 1504 468 1566 invasit
485 1503 712 1567 innovationis
729 1513 761 1566 et
777 1504 993 1588 oppositionis
1010 1506 1044 1568 in
1062 1504 1182 1570 Sedem

67 1599 256 1666 Romanam.
321 1599 390 1666 Sub
439 1601 546 1664 Maria
592 1599 750 1664 Theresia
796 1604 989 1685 praesertim
1033 1604 1183 1668 medicus

72 1697 136 1760 Van
174 1697 309 1764 Swieten
348 1699 539 1764 Jansenista
581 1697 747 1761 influxum
787 1701 937 1762 exercuit
977 1702 1011 1764 in
1047 1700 1183 1766 Austris

67 1795 157 1859 valde
194 1797 378 1877 nefastum,
414 1806 447 1859 et
486 1817 588 1880 quum
625 1807 795 1880 praeterea
829 1818 867 1860 eo
903 1799 1003 1862 etiam
1039 1821 1073 1864 se
1110 1822 1182 1885 pro·

66 1905 220 1977 pagarent
270 1894 440 1982 doctrinae
479 1893 729 1958 Gallicanorum
772 1917 914 1964 necnon,
952 1896 1182 1964 libertinorum

67 1990 292 2074 incredulitas,
330 1991 424 2056 brevi
454 1991 624 2056 Ecclesiae
661 1992 739 2056 inde
775 1992 973 2058 detrimenta
1010 2017 1076 2060 non
1116 1999 1182 2061 exi·

66 2109 124 2171 gua
147 2101 218 2155 orta
250 2099 335 2156 sunt.
381 2090 458 2155 Jam
489 2112 577 2154 anno
603 2091 689 2154 1752
721 2101 887 2156 coarctata
918 2102 966 2157 est
992 2095 1182 2179 jurisdictio

66 2187 260 2254 Nuntiorum
277 2189 448 2254 Pontificis
473 2199 505 2252 et
528 2188 677 2252 influxus
696 2191 927 2275 episcoporum
946 2192 981 2255 in
997 2191 1181 2257 studiorum

67 2290 201 2371 negotia.
251 2288 389 2353 Jesuitis
412 2309 498 2351 anno
526 2285 611 2350 1759
636 2286 814 2350 cathedrae
842 2289 876 2351 in
896 2288 1182 2356 Universitatibus

67 2388 171 2451 variae
194 2386 372 2472 ademptae
396 2395 472 2448 sunt
480 2435 488 2467 ,
520 2382 785 2470 guberniumque
809 2385 853 2450 ad
877 2388 1086 2473 episcopatus
1110 2411 1182 2474 pro-

66 2502 191 2548 movere
225 2485 354 2548 studuit
385 2485 474 2547 viros
515 2485 571 2568 qui
605 2483 878 2548 innovationibus
911 2485 1078 2552 favebant.
1130 2490 1183 2552 Ita

66 2583 219 2664 paulatim
260 2585 411 2667 regiones
451 2584 533 2646 istae
573 2591 788 2667 praeparatae
827 2583 961 2648 fuerunt
1000 2586 1182 2670 majoribus

65 2681 172 2762 turbis,
197 2703 284 2768 quae
308 2680 406 2766 paulo
430 2690 504 2765 post
527 2689 662 2744 exortae
686 2689 772 2746 sunt.

146 2781 199 2846 55.
250 2777 436 2844 Concilium
453 2779 685 2843 Tridentinum
710 2777 804 2863 plura
828 2801 907 2843 sane
931 2779 1088 2864 decrevit,
1112 2784 1181 2869 qui·

66 2875 120 2942 bus
154 2881 386 2965 episcoporum
422 2886 568 2962 potestas
603 2876 762 2961 ampliata
797 2886 862 2959 est,
896 2879 978 2963 quin
1010 2879 1181 2946 Ecclesiae

65 2977 168 3042 unitas
199 2976 382 3041 solveretur
412 2984 470 3038 aut
492 2974 694 3041 Pontificum
721 2976 899 3039 auctoritas
931 2975 1179 3044 diminueretur.

64 3071 284 3138 Nihilominus
307 3071 432 3158 aliquot
456 3074 602 3158 episcopi
628 3073 662 3136 in
684 3070 874 3155 Germania,
899 3072 1079 3139 ambitione
1103 3099 1181 3162 qua·

66 3169 136 3236 dam
160 3181 373 3258 praepostera
397 3173 476 3234 moti
501 3193 540 3234 ac
563 3171 729 3255 principia
752 3170 836 3234 falsa
859 3181 1049 3256 sequentes,
1078 3175 1180 3260 impa-

63 3269 175 3335 tientes
200 3278 294 3334 erant
324 3269 496 3352 potestatis
520 3268 688 3353 legitimae
719 3290 819 3353 quam
844 3268 881 3334 R.
905 3270 1061 3334 Pontifex
1090 3293 1179 3336 exer-

65 3366 156 3432 cebat
186 3388 386 3450 omnemque
409 3365 555 3451 lapidem
579 3364 776 3444 movebant,
807 3374 844 3429 ut
867 3388 962 3430 suam
984 3376 1180 3452 potestatem

64 3464 310 3550 amplificarent.
356 3465 486 3528 Mortuo
514 3463 632 3529 Carolo
657 3463 707 3527 VI
735 3465 937 3549 Imperatore
967 3486 1054 3530 anno
1083 3468 1179 3550 1740,

65 3583 162 3647 quum
190 3563 421 3628 Francofordii
452 3563 494 3627 de
525 3585 611 3628 novo
640 3565 844 3649 Imperatore
876 3563 1027 3648 eligendo
1058 3563 1180 3630 delibe-

23 3707 25 3714 s
64 3673 186 3745 rarent,
212 3672 323 3727 actum
348 3683 479 3747 quoque
503 3671 552 3726 est
576 3662 617 3725 de
640 3660 892 3746 gravaminibus
916 3672 1030 3726 contra
1053 3665 1180 3727 curiam

64 3757 261 3842 Romanam,
293 3770 326 3824 et
348 3761 413 3823 viri
438 3759 574 3845 quidam
603 3761 638 3823 in
661 3758 781 3823 Sedem
805 3759 1031 3843 Apostolicam
1061 3782 1180 3844 parum

64 3861 214 3943 propensi
230 3857 394 3923 desideria
410 3858 643 3944 pandiderunt,
665 3866 701 3920 ut
717 3856 837 3942 aliquis
850 3855 1091 3922 Germanorum
1101 3857 1180 3943 jura

64 3952 232 4021 Pontificis
255 3959 416 4042 genuina,
449 3955 492 4022 ab
517 3957 557 4019 iis
582 3977 666 4040 quae
690 3957 760 4039 ipse
789 3954 853 4018 sibi
877 3954 1037 4019 attribuat
1061 3956 1180 4020 discer-

64 4064 160 4136 neret.
207 4057 309 4121 Hisce
333 4058 495 4119 excitatus
518 4053 676 4118 Nicolaus
700 4053 741 4116 de
765 4052 947 4118 Houtheim
972 4053 1179 4118 Trevirensis

64 4149 164 4217 labori
193 4156 250 4219 tali
282 4177 316 4219 se
348 4154 455 4233 dedit,
489 4172 637 4238 opusque
668 4150 889 4232 elucubravit,
923 4152 1011 4237 quod
1044 4151 1179 4216 demum

65 4269 146 4314 anno
165 4252 248 4318 1763
266 4250 495 4316 Francofordii
519 4249 630 4337 praelo
654 4247 797 4334 subjecit
818 4249 1029 4334 inscriptum:
1053 4249 1180 4314 Jastirn'

179 4367 181 4370 '
965 4353 1019 4406 27*
