2964 4912
360 499 401 553 De
420 499 622 554 Constitutione
646 500 820 570 [tripertitus.
1100 501 1153 554 299

129 644 175 708 ll.
221 643 268 708 Ut
296 665 406 706 rerum
439 643 584 707 conditio
623 643 665 706 ad
698 643 797 706 finem
830 653 986 728 vergente
1023 644 1152 708 saeculo
1192 653 1195 656 ’

53 740 304 826 decimoseptimo
329 741 459 826 plenius
476 743 708 826 conspiciatur,
733 743 849 826 paucis
864 754 1018 806 notamus
1035 744 1153 806 seriem

51 838 236 902 Pontificum
260 849 334 923 post
358 839 588 903 Alexandrum
613 838 690 903 VII.
719 877 754 885 -
781 839 884 904 Haud
909 841 966 904 diu
990 851 1154 925 superstes

50 935 102 998 fuit
123 935 272 1000 Clemens
296 937 347 1000 IX
377 947 452 1021 post
480 935 784 1000 reconciliationem
809 959 849 1000 ac
873 960 989 1023 pacem
1014 949 1155 1023 quatuor

50 1034 194 1119 episcopis
219 1056 419 1100 concessam.
467 1037 549 1098 Post
572 1034 802 1119 pontificatum
827 1035 967 1100 duorum
992 1057 1154 1100 annorum

50 1151 112 1193 cum
136 1131 273 1196 dimidio
306 1131 389 1196 obiit
413 1133 466 1196 die
490 1134 528 1197 9⁰
551 1132 748 1196 Decembris
772 1155 801 1199 a.
829 1134 933 1215 16693
965 1145 1062 1199 natus
1085 1143 1155 1198 erat

48 1251 70 1292 a.
94 1229 185 1294 1600.
216 1268 261 1276 -
291 1230 456 1296 Successit
485 1233 515 1294 ei
545 1231 599 1295 die
623 1231 684 1295 29⁰
707 1231 833 1316 Aprilis
855 1231 1019 1296 Aemilius
1043 1230 1155 1295 Oardi·

47 1325 119 1390 nelis
134 1327 290 1410 Alterius,
315 1331 432 1392 aetatis
454 1328 521 1392 iere
546 1329 714 1414 octoginta
737 1351 899 1394 annorum
924 1335 970 1414 (n.
997 1331 1056 1394 13⁰
1071 1329 1155 1395 Julii

47 1424 134 1510 1590)
158 1447 348 1512 nomenque
376 1425 516 1492 Clemens
532 1427 566 1490 X
586 1428 736 1512 sumpsit.
766 1428 952 1492 Ecclesiam
976 1427 1156 1513 prudenter
1177 1428 1317 1543 ⁰¹:332?

46 1531 72 1586 et
98 1524 149 1608 pie
172 1522 387 1608 gubernavit,
421 1526 574 1610 quamvis
598 1523 640 1588 ob
664 1533 867 1589 senectutem
895 1526 1002 1612 major
1024 1527 1060 1588 in
1083 1527 1155 1611 ipso
1170 1503 1325 1596 succederes.

46 1623 167 1704 energia
201 1623 237 1683 in
268 1625 370 1687 variis
400 1625 541 1707 negotiis
574 1623 825 1690 desideraretur.
872 1623 966 1690 Obiit
999 1625 1070 1710 ipse
1102 1625 1156 1689 die

46 1718 96 1780 22⁰
124 1718 208 1783 Julii
240 1742 270 1785 a.
305 1721 400 1787 1676.
437 1760 479 1769 -
515 1721 556 1785 Ei
587 1723 746 1786 successit
774 1721 827 1786 die
860 1723 920 1786 21⁰
952 1721 1157 1808 Septembris

45 1815 235 1880 Benedictus
260 1817 448 1883 Cardinalis
473 1817 682 1903 Odescalchi,
707 1828 805 1883 natus
828 1843 857 1886 a.
885 1821 987 1906 1611,
1012 1822 1040 1885 is
1062 1822 1156 1884 Iano-

45 1916 151 1978 conaus
165 1915 223 1978 XI
239 1915 424 2001 appellatus
448 1926 505 1983 est.
543 1919 644 1981 Vitae
659 1918 858 2001 integritate,
883 1920 1016 2003 pietate,
1041 1919 1157 1982 animi-

45 2033 98 2095 que
136 2015 323 2077 constantia
361 2015 396 2078 in
436 2013 630 2078 difficilibus
667 2024 700 2078 et
734 2014 927 2099 periculosis
953 2016 1157 2101 reipublicae

44 2108 235 2174 christianae
265 2110 470 2196 temporibus
503 2111 631 2176 claruit.
681 2112 854 2176 Ludovico
879 2113 963 2178 XIV
995 2123 1027 2178 et
1057 2112 1158 2178 Galli·

44 2210 125 2272 canis
140 2208 272 2272 fortiter
286 2210 423 2289 restitit,
449 2230 564 2272 omnes
580 2231 675 2273 curas
688 2209 872 2294 applicavit
888 2211 930 2274 ad
946 2211 1158 2296 corrigendos

43 2303 157 2370 abusus
197 2315 231 2370 et
269 2305 312 2369 ad
351 2306 590 2370 restituendam
629 2306 840 2392 disciplinam
881 2309 1157 2385 ecclesiasticam

44 2401 215 2488 Regulares
244 2426 264 2467 a
295 2405 350 2488 pio
381 2404 512 2468 fervore
536 2405 748 2469 deflectentes
775 2405 819 2470 ad
842 2409 1041 2470 severiorem
1064 2429 1158 2492 regu-

43 2500 139 2566 larum
178 2501 425 2566 observantiam
464 2504 650 2585 revocavit3
687 2513 846 2567 renovato
874 2504 1059 2570 Alexandri
1091 2505 1159 2570 VII

44 2597 164 2665 decreto
197 2599 240 2664 ad
274 2623 383 2664 sacros
414 2598 557 2665 Ordines
595 2602 777 2664 accessuris
808 2601 1012 2686 spiritualem
1041 2601 1158 2666 decem

43 2695 162 2762 dierum
188 2719 353 2761 secessum
379 2700 600 2783 praescripsit,
626 2699 811 2784 variosque,
836 2701 884 2762 uti
903 2701 975 2785 jam
1000 2699 1158 2783 diximus,

43 2793 210 2861 damnavit
233 2819 368 2862 errores.
415 2799 497 2861 Post
527 2797 610 2861 haec
641 2808 672 2861 et
703 2798 769 2862 alia
792 2797 960 2883 praeclare
988 2808 1080 2883 gesta
1104 2799 1160 2862 die

44 2893 94 2956 12⁰
116 2895 263 2980 Augusti
288 2917 317 2958 a.
337 2895 422 2959 1689
447 2897 632 2959 sanctitatis
655 2897 745 2959 fama
768 2895 903 2961 illustris
926 2896 970 2960 ad
988 2895 1157 2961 Christum

41 2991 215 3076 imigravit.
229 3029 271 3039 —
288 2991 328 3054 In
352 2992 423 3078 ejus
446 2993 556 3057 locum
580 2993 634 3057 die
659 2994 696 3058 6⁰
713 2993 866 3058 Octobris
890 2994 1086 3078 subrogatus
1110 3002 1163 3058 ost-

40 3087 222 3154 siccanda
243 3090 331 3170 VIII,
355 3101 452 3154 antea
467 3093 587 3154 Petrus
604 3091 762 3156 Ottoboni
786 3093 944 3176 Venetus,
971 3092 1160 3156 Oardinalis

41 3189 217 3273 presbyter,
249 3209 370 3271 genere
401 3198 500 3274 atque
533 3190 711 3274 prudentia
735 3199 767 3254 et
790 3192 976 3254 constantia
1000 3192 1034 3253 in
1058 3188 1161 3252 rebus

39 3286 188 3366 gerendis
222 3286 517 3351 commendandus.
564 3287 638 3352 Hoc
669 3311 773 3353 unum
797 3288 950 3374 objiciter
973 3286 1160 3351 venerabili

39 3382 112 3447 huic
136 3383 309 3465 Pontifici,
342 3384 431 3470 quod
455 3408 475 3448 a
497 3385 756 3470 praedilectione
787 3394 945 3470 nepotum
969 3395 1000 3449 et
1023 3385 1160 3469 popula-

39 3481 118 3544 rium
144 3503 279 3545 suorum
303 3504 371 3545 non
395 3484 473 3546 satis
496 3481 560 3546 sibi
585 3485 713 3547 cavisse
737 3483 900 3548 videatur.
932 3482 1044 3563 Quum
1059 3491 1160 3547 natus

39 3588 118 3643 esset
150 3579 206 3643 die
230 3579 290 3642 220
313 3578 438 3666 Aprilis
462 3603 490 3646 a.
519 3580 614 3661 1610,
645 3589 753 3646 aetate
784 3590 854 3645 crat
881 3580 1062 3645 admodum
1086 3603 1159 3666 pro·
1262 3603 1265 3608 ·

41 3685 150 3741 vectus
190 3677 323 3762 quando
362 3677 517 3741 thronum
549 3677 777 3764 Apostolicum
815 3679 975 3760 ascendit,
1015 3687 1047 3742 et
1084 3687 1163 3763 post

39 3795 161 3837 annum
202 3797 277 3839 cum
318 3776 457 3840 dimidio
495 3775 549 3839 die
590 3777 626 3840 1⁰
650 3778 824 3842 Februarii
863 3801 893 3843 a.
919 3777 1003 3841 1691
1038 3799 1056 3840 e
1086 3779 1162 3841 vita

39 3871 187 3937 decessit.

38 4123 241 4188 controversiis,
265 4120 438 4190 suffraganeo
463 4121 656 4190 archiepiscopi
673 4121 839 4189 Moguntini.
875 4119 997 4174 Libellus
1020 4120 1073 4174 iste
1095 4136 1159 4174 mox

38 4202 65 4256 in
82 4204 203 4257 Iudicem
233 4202 337 4257 relatus
356 4202 508 4256 Catholicos
531 4202 706 4257 vehementer
732 4200 883 4267 commovit,
910 4200 957 4254 sed
984 4200 1160 4255 Janscnistce

38 4295 96 4336 eum
113 4282 209 4336 multis
227 4282 351 4336 laudibus
370 4282 522 4337 evehebant
540 4287 569 4336 et
587 4280 817 4338 commendabant.

89 4383 232 4432 Jungmann,
246 4382 437 4422 Dissertationes.
452 4383 517 4423 Tem.
530 4383 581 4423 v11.
998 4370 1032 4424 19
