3288 4900
472 457 586 514 concilii
604 457 729 524 periodus
746 457 870 514 secunda.
1194 457 1246 518 117

134 603 226 686 (quod
258 604 395 667 minime
427 601 629 666 credendum
662 603 743 684 erat)
774 623 832 666 suo
865 601 1016 666 deessent
1046 601 1157 666 officio
1187 624 1247 687 per

133 700 308 765 absentiam
332 701 453 764 rationi
484 699 739 780 dissentaneam,
772 720 838 764 non
867 698 941 762 ideo
966 697 1116 764 Concilio
1140 699 1245 783 digni-

135 809 224 863 tatem
252 801 548 882 auctoritatemque
580 790 784 862 oecumenici
817 797 1014 863 defuturam.
1062 797 1247 864 Hortantur

133 919 242 982 regem,
268 919 311 960 ne
334 896 431 960 foeda
455 897 505 960 eui
531 897 674 960 nominis
691 896 830 978 macula,
856 893 997 960 Concilii
1023 895 1174 975 decretis,
1197 898 1245 960 uti

135 996 326 1076 minabatur,
366 993 537 1060 obstacula
571 1003 683 1079 ponat.
739 993 805 1058 Sed
845 992 1066 1058 monebantur
1101 994 1245 1081 denique

131 1095 268 1180 episcopi
293 1091 422 1158 Galliae
456 1091 556 1156 officii
585 1093 636 1155 sui
667 1115 744 1176 erga
776 1112 940 1158 summum
966 1090 1136 1157 Pastorem
1162 1091 1244 1158 Con-

132 1191 232 1255 cilium
259 1191 472 1270 indicentem,
505 1198 537 1252 et
561 1211 638 1273 erge
663 1188 804 1274 collegas
828 1213 914 1273 suos,
946 1219 966 1260 a
990 1193 1111 1281 quibus
1135 1214 1172 1255 eo
1198 1193 1244 1256 in·

133 1289 323 1370 vitabantur,
349 1311 388 1351 aar
412 1289 481 1370 regi
506 1287 754 1373 proponebatur
776 1294 923 1374 parentis
947 1297 1063 1380 pietas,
1088 1293 1144 1377 qui
1170 1291 1244 1354 mis-

132 1389 165 1450 sis
188 1400 220 1450 et
243 1387 452 1472 gravissimis
477 1387 642 1471 episeopis
667 1395 699 1449 et
721 1391 1014 1472 praestantissimis
1037 1387 1243 1468 Oratoribus,

130 1488 156 1548 in
177 1487 299 1550 eadem·
320 1483 402 1548 urbe
426 1482 517 1547 illam
535 1483 708 1568 Synodum
733 1499 952 1569 promoverat.
968 1527 1011 1538 —
1026 1489 1100 1552 Hae
1116 1487 1243 1550 ratione

127 1585 320 1648 studuerunt
348 1582 462 1646 Patres
496 1584 529 1646 in
561 1582 652 1646 hisee
681 1587 848 1668 responsis
879 1609 952 1652 eam
984 1586 1244 1652 moderationem

127 1707 261 1765 servare,
296 1703 395 1768 quam
427 1681 599 1745 difficilem
630 1691 696 1746 tam
728 1683 974 1750 conducibilem
999 1688 1032 1750 in
1058 1693 1243 1748 controver-

123 1784 175 1845 siis
197 1804 276 1846 eum
301 1780 517 1866 principibus,
549 1782 756 1846 reverentiae
779 1803 818 1844 ae
841 1781 1013 1866 libertatis,
1046 1779 1243 1848 benevolen-

124 1882 181 1943 tiae
205 1890 238 1943 et
264 1879 516 1943 correctionis.¹r

206 1979 259 2042 73.
309 1975 412 2040 Seuero
437 1975 675 2060 decimaquarta
698 1975 776 2040 dein
800 1977 915 2042 habita
940 1988 989 2042 est
1017 1977 1071 2044 die
1096 1975 1155 2040 25⁰
1178 1975 1242 2040 No·
1266 1988 1341 2060 sessio
1356 1990 1393 2029 ‹1⁰-

123 2075 264 2139 vembris
288 2084 387 2159 atque
411 2075 444 2136 in
470 2072 586 2136 eadem
611 2073 761 2138 doctrina
786 2074 949 2140 catholica
973 2077 1011 2140 de
1035 2075 1243 2139 sanctissimis
1256 2053 1404 2099 mmmm

123 2174 335 2237 Paeniteatice
360 2182 389 2234 et
412 2172 583 2235 &mamae
604 2171 766 2236 Unctiones
782 2171 996 2238 Sacramenta's
1020 2172 1157 2237 definita
1182 2179 1240 2252 est,

118 2292 156 2333 ac
179 2271 317 2334 decreta
340 2269 380 2332 de
404 2268 639 2332 reformatione
662 2268 871 2353 promulgata
895 2280 980 2353 sunt,
1011 2293 1095 2357 quae
1119 2270 1241 2354 episeo-

120 2390 232 2450 porum
256 2377 289 2431 et
309 2367 503 2431 elericorum
529 2387 666 2431 munera
691 2377 723 2430 et
749 2368 851 2432 vitam
877 2379 1037 2454 spectant.
1056 2405 1092 2418 -—
1111 2369 1241 2432 Interea

118 2488 216 2550 quum
247 2467 433 2552 Imperator
464 2466 620 2528 continuo
651 2467 825 2548 insisteret,
857 2469 957 2532 etiam
990 2467 1104 2552 ¹plures
1134 2468 1240 2530 Prote·

118 2568 274 2628 stantium
291 2563 446 2629 Oratores
470 2562 513 2627 ad
531 2560 719 2628 Concilium
744 2576 924 2648 venerunt;
949 2576 1048 2651 atque
1067 2565 1138 2650 jam
1162 2587 1240 2649 pau-

119 2664 161 2726 cis
184 2684 402 2748 exponemus,
433 2682 498 2746 qua
521 2662 649 2724 ratione
673 2663 736 2746 ipsi
761 2665 897 2746 egerint,
929 2674 965 2728 ut
992 2670 1151 2748 appareat
1175 2664 1241 2724 evi-

118 2759 241 2840 denter,
266 2758 409 2824 Goncilii
433 2759 588 2823 Patribus
612 2758 862 2826 attribuendum
886 2783 952 2826 non
978 2783 1057 2842 esse,
1083 2760 1173 2845 quod
1197 2759 1239 2824 ab

122 2859 173 2922 ista
206 2857 344 2942 Synodo
387 2855 612 2921 reconciliatio
656 2857 786 2923 illorum
830 2858 1071 2924 haereticorum
1106 2856 1240 2922 obtenta

124 2976 176 3019 non
205 2956 279 3020 fuit.
323 2955 498 3048 Venerunt
512 2957 614 3038 igitur
636 2978 752 3022 versus
776 2957 875 3022 finem
901 2959 1024 3023 mensis
1040 2956 1240 3020 Novembris

120 3050 269 3117 Oratores
300 3053 395 3117 ducis
418 3051 702 3137 Wurtembergiei
733 3076 773 3120 ac
796 3054 895 3140 paulo
919 3065 994 3140 post
1017 3053 1162 3140 plurium
1188 3075 1239 3118 ur-

120 3148 205 3215 bium
231 3151 502 3236 protestantium3
527 3171 640 3214 mense
664 3161 774 3216 autem
789 3152 950 3217 Januario
976 3151 1113 3217 a.1552
1138 3153 1238 3215 etiam

114 3246 268 3312 Oratores
303 3249 450 3312 Mauritii
486 3246 649 3312 Electoris
682 3249 836 3314 Saxonis.
893 3247 1125 3314 Confessiones
1163 3271 1239 3313 suas

113 3345 233 3430 singuli
252 3345 452 3427 afferebant,
477 3345 846 3430 Wurtembergicorum
863 3347 1112 3429 Melanchthon,
1137 3346 1239 3411 Saxo·

115 3465 192 3507 num
224 3444 380 3508 Brentius
411 3443 609 3508 confecerat.
663 3443 747 3508 Inde
776 3444 817 3509 ab
849 3446 945 3509 initio
984 3446 1237 3509 convenientiae

111 3540 240 3625 legibus
265 3541 433 3625 neglectis,
470 3563 537 3606 non
562 3541 747 3606 salutarunt
770 3543 934 3626 Legatum
958 3541 1140 3622 Pontificis,
1180 3541 1237 3605 sed

111 3661 187 3703 eum
220 3639 409 3721 evitabant,
444 3641 621 3724 petitiones
651 3661 730 3704 vero
762 3661 838 3706 suas
867 3640 1061 3707 Oratoribus
1088 3637 1238 3714 Caesaris

110 3748 144 3801 et
168 3739 272 3803 tribus
296 3738 513 3823 Septemviris
536 3737 768 3804 ecclesiasticis
799 3749 1034 3824 exposuerunt.
1068 3776 1111 3784 —
1143 3737 1237 3802 Haec

108 3846 221 3900 autem
246 3846 341 3900 erant
356 3836 612 3903 Protestantium
638 3836 820 3921 postulata:
847 3837 883 3899 1⁰
902 3837 949 3902 Ut
968 3835 1129 3920 theologis
1154 3837 1237 3920 ipso·

109 3955 185 3996 rum
215 3956 323 3998 novus
354 3933 466 3998 salvus
498 3935 681 3998 conductus
705 3958 725 3998 a
750 3934 899 3999 Ooneilio
934 3935 1170 4000 concederetur
1193 3935 1236 3998 ad

109 4030 215 4095 instar
245 4031 334 4096 illius
364 4053 463 4117 quem
495 4032 643 4116 synodus
673 4032 873 4097 Basileensis
897 4033 1054 4098 Bohemis
1088 4032 1236 4096 dederat.

113 4175 323 4186 --—-—.......-.-

187 4243 207 4314 ¹)
226 4243 259 4300 V.
279 4243 410 4300 Pallavio.
429 4243 460 4300 L.
480 4243 543 4301 XII.
563 4259 585 4299 e.
605 4243 663 4309 IX,
681 4244 807 4311 Raynald
826 4260 851 4301 a.
872 4245 941 4298 1551
962 4260 1010 4301 nn,
1027 4245 1070 4300 41.
1090 4245 1133 4300 42.
