2964 4912
365 472 405 526 De
424 471 611 527 Gallicanismi
630 471 825 528 efformatione.
1104 477 1157 528 317

53 613 194 697 paulatim
217 637 338 680 nomen
353 616 522 681 sorbonae
546 619 604 679 toti
622 617 789 681 Facultati
811 617 1016 700 theologicae
1042 618 1156 682 datum

53 722 99 789 est,
122 723 151 774 et
172 712 321 777 doctores
345 712 519 778 Serbonici
544 735 657 778 omnes
683 715 763 778 dicti
790 725 875 796 sunt,
901 719 956 800 qui
982 719 1156 801 promotio·

52 830 114 872 nem
136 810 177 874 ad
200 811 322 896 gradus
344 812 532 877 doctoratus
554 813 762 877 aFaeultate
777 813 915 878 solemni
940 814 1156 900 disputatione

51 905 208 972 Sorbouica
240 909 355 974 habita
388 910 608 995 accipiebant.
656 912 816 975 Doctores
849 911 894 976 illi
929 934 987 997 per
1011 911 1154 976 Galliam
1176 911 1314 1014 mm}

49 1004 174 1088 dispersi
206 1030 326 1092 corpus
359 1008 528 1094 quoddam
561 1009 807 1073 constituebant
837 1021 869 1074 et
892 1031 1028 1074 numero
1062 1019 1156 1074 erant

48 1103 197 1186 permulti.
244 1107 489 1171 Existimarunt
512 1110 597 1170 varii
621 1117 787 1187 auctores,
822 1107 996 1172 Sartonam
1027 1129 1156 1192 semper

47 1203 204 1284 usquead
228 1213 378 1288 tempora
401 1202 640 1269 Declaratiouia
663 1208 851 1270 auctoritati
876 1205 1099 1290 amplissimae
1122 1214 1156 1268 et

46 1297 260 1364 infallibilitati
278 1301 419 1365 Romani
435 1302 607 1366 Pontilieis
630 1302 763 1368 favisse.
810 1302 876 1367 Sed
899 1305 1013 1388 negari
1029 1304 1154 1388 nequit,

45 1418 80 1458 ex
100 1398 303 1482 temporibus
320 1398 488 1480 Gereonis,
513 1400 688 1464 clarissimi
712 1400 800 1464 illius
821 1400 1019 1483 cancellarii,
1045 1403 1079 1464 in
1104 1421 1153 1464 ea·

45 1493 110 1556 dem
134 1496 306 1562 Facultate
336 1497 522 1583 complures
553 1497 671 1582 fuisse,
708 1500 765 1583 qui
793 1497 1155 1583 principiaoGallicana

44 1591 201 1659 fovebant.
249 1596 351 1680 Signa
375 1595 475 1682 hujus
499 1597 545 1659 rei
570 1617 602 1660 v.
623 1616 652 1679 g.
680 1605 757 1660 sunt
780 1598 895 1660 variae
916 1596 1154 1682 appellationes

44 1689 238 1756 aPontiiice
269 1693 312 1758 ad
337 1693 525 1758 Concilium
555 1693 720 1776 futurum,
755 1695 803 1758 uti
827 1695 966 1778 contigit
997 1717 1099 1780 quum
1120 1718 1152 1762 a.

44 1787 296 1873 llblageretur
319 1791 360 1854 de
384 1791 576 1875 abroganda
601 1792 778 1856 Sanctioue
807 1793 1022 1876 pragmatica.
1071 1793 1153 1857 Cen·

43 1904 108 1948 sura
144 1891 307 1952 acerrima
344 1887 494 1952 Sorbcna
529 1912 558 1952 a.
600 1889 686 1954 1482
729 1891 858 1952 notavit
895 1891 1153 1973 propositionem

41 1980 171 2050 loannis
197 1985 317 2070 Angeli
341 1987 534 2070 Minoritae,
559 1988 615 2072 qui
640 1987 780 2068 dixerat,
805 1996 911 2051 totum
935 1988 997 2052 Jus
1021 1990 1153 2052 canoni·

41 2100 108 2144 cum
131 2083 330 2150 aPontifiee
344 2084 496 2169 abrogari
516 2106 621 2170 posse.
661 2085 759 2149 Hanc
774 2085 1042 2170 propositionem,
1068 2108 1153 2170 quac

40 2197 111 2242 sano
135 2203 236 2245 sensu
267 2182 426 2268 explicari
456 2192 601 2268 poterat,
631 2184 761 2247 notavit
783 2182 940 2248 Facultas
971 2193 1008 2246 ut
1029 2185 1153 2248 notorie

39 2274 230 2344 haereticum.
276 2281 452 2366 Episcopis
489 2303 619 2367 quoque
658 2280 833 2346 consilium
863 2281 981 2363 dedit,
1017 2291 1150 2366 utnon

38 2373 278 2443 introducerent
293 2379 478 2464 Liturgiam
493 2379 677 2442 Romanam
692 2401 805 2443 amara
821 2379 884 2442 hac
907 2379 1036 2442 format·
1057 2380 1152 2463 „Non

39 2472 124 2536 cedet
149 2477 249 2540 crista
273 2475 404 2541 Gallica
427 2478 575 2554 Romano
601 2475 796 2562 supercilio,
826 2499 893 2540 non
917 2478 1006 2540 enim
1030 2476 1086 2541 hic
1110 2478 1151 2542 de
1190 2531 1197 2552 ,

36 2568 198 2654 religione,
224 2574 282 2638 sed
306 2574 348 2638 de
371 2573 527 2659 superbia
551 2583 659 2638 astuta
682 2575 822 2658 agitur.“
832 2575 857 2654 1)
903 2572 1015 2638 Etiam
1037 2575 1150 2640 Cardi-

36 2667 110 2732 nalis
133 2670 379 2758 Lotharingus,
417 2675 469 2736 vir
499 2674 712 2757 caeteroquin
736 2673 904 2756 egregius,
941 2674 976 2736 in
1001 2672 1150 2738 Concilio

35 2763 225 2833 Tridentino
261 2782 373 2855 aperte
414 2769 596 2852 fatebatur,
642 2793 675 2834 se
711 2793 787 2834 cum
803 2815 806 2820 -
822 2771 988 2855 episeopis
1022 2769 1151 2837 Galliae

35 2869 138 2930 tenere
174 2866 342 2933 doctrinas
374 2869 587 2955 amplitudini
622 2871 793 2955 potestatis
816 2868 1012 2953 pontificiae
1041 2871 1151 2933 minus

34 2960 188 3045 faventes,
208 2965 308 3050 juxta
330 2966 565 3031 Universitatis
588 2966 784 3030 Parisiensis
807 2968 1014 3031 sententiam.
1044 3020 1048 3028 .

116 3062 146 3128 9.
189 3061 255 3127 Sed
279 3063 358 3127 inde
380 3064 422 3128 ab
439 3066 533 3130 initio
554 3064 677 3128 saeculi
695 3064 817 3128 decimi
832 3065 962 3149 septimi
981 3063 1150 3130 tendentia

33 3160 170 3243 optima,
207 3160 377 3225 Ecclesiae
409 3171 442 3225 et
464 3163 613 3226 Romano
637 3162 792 3226 Pontifici
820 3161 918 3247 plane
943 3161 1080 3241 devota,
1114 3163 1153 3226 in

32 3251 178 3322 Sarbena
202 3259 397 3343 praevaluit.
437 3259 522 3323 Eam
539 3259 633 3323 multi
659 3261 782 3344 egregii
808 3259 957 3324 ductores
981 3261 1016 3324 iu
1033 3255 1156 3323 Faculss

32 3359 126 3418 tatem
152 3354 372 3440 theologicam
404 3356 702 3440 introduxerunti)
748 3357 797 3422 Id
813 3359 973 3441 apposuit
992 3359 1025 3420 in
1050 3380 1150 3421 causa

31 3447 193 3534 Richerii,
224 3463 323 3539 atque
346 3456 381 3518 in
405 3455 682 3520 condemnatione
714 3477 854 3541 operum.
874 3455 979 3520 Marci
1003 3455 1082 3520 Ant.
1108 3457 1149 3520 de

30 3547 182 3614 Dominis
206 3552 377 3634 (a.1618).
424 3553 498 3616 Lex
520 3553 587 3618 lata
611 3565 661 3618 est
683 3578 713 3618 a.
733 3554 830 3636 1628,
855 3553 1148 3619 uternindasth'eo·

99 3767 119 3834 ¹)
140 3763 308 3832 Gueranger,
328 3765 421 3819 Instit.
440 3764 535 3833 liturg.
556 3764 578 3821 I.
598 3765 659 3818 513.

98 3847 119 3914 a)
139 3846 284 3913 Praecipui
309 3845 418 3913 quidam
436 3845 565 3898 Doctores
588 3846 684 3913 magni
703 3844 794 3899 meriti
817 3844 863 3910 qui
888 3843 1021 3911 principia
1046 3844 1150 3911 optima

28 3926 248 3995 propugnabant,
273 3925 363 3981 fuere:
390 3925 480 3980 Duval
498 3926 669 3980 adversarius
689 3925 834 3978 acerrimus
853 3924 973 3977 Richerii
1000 3923 1032 3993 (†
1052 3925 1149 3996 1638);

28 4003 191 4061 isembertus
212 4007 244 4077 (†
264 4005 358 4075 1642);
378 4006 475 4060 Leseot
494 4005 632 4073 episcopus
646 4005 819 4059 carnotensis
838 4004 869 4072 (†
888 4003 980 4072 maes
994 4003 1039 4058 Le
1050 4005 1149 4070 Mcyne

29 4088 174 4159 (†1659);
198 4087 276 4142 Isaac
299 4087 405 4141 Habere
431 4086 569 4155 episcopus
587 4085 759 4140 Vabricensis
785 4084 933 4156 (†1668);
958 4083 1061 4139 Επᾱον.
1086 4084 1148 4140 Ball

29 4168 174 4237 (†1669);
201 4168 287 4223 Morel
316 4167 461 4237 (†1679);
489 4166 612 4221 Grandin
640 4166 669 4237 (†
690 4166 785 4236 1691);
813 4164 977 4219 Chemillard
1003 4165 1148 4234 (†1695);

29 4245 127 4302 Ocrnet
146 4249 173 4318 (†
193 4248 275 4320 1663)
282 4268 289 4316 ;
308 4248 414 4302 Nicolei'
432 4248 463 4303 0.
482 4247 508 4303 S.
527 4247 560 4301 D.
580 4245 613 4317 (†
633 4245 723 4316 1673),
743 4245 844 4312 aliique
859 4245 985 4314 plures,-
