<?xml version="1.0" encoding="UTF-8"?>
<!DOCTYPE html PUBLIC "-//W3C//DTD XHTML 1.0 Transitional//EN"
    "http://www.w3.org/TR/xhtml1/DTD/xhtml1-transitional.dtd">
<html xmlns="http://www.w3.org/1999/xhtml" xml:lang="en" lang="en">
 <head>
  <title>
</title>
<meta http-equiv="Content-Type" content="text/html;charset=utf-8" />
  <meta name='ocr-system' content='tesseract 3.04.00' />
  <meta name='ocr-capabilities' content='ocr_page ocr_carea ocr_par ocr_line ocrx_word'/>
</head>
<body>
  <div class='ocr_page' id='page_1' title='image "./dissertationess03junggoog_0088.png"; bbox 0 0 3034 4894; ppageno 0'>
   <div class='ocr_carea' id='block_1_1' title="bbox 343 483 1196 552">
    <p class='ocr_par' dir='ltr' id='par_1_1' title="bbox 343 483 1196 552">
     <span class='ocr_line' id='line_1_1' title="bbox 343 483 1196 552; baseline -0.001 -14"><span class='ocrx_word' id='word_1_1' title='bbox 343 485 383 538; x_wconf 91' lang='lat' dir='ltr'><strong>De</strong></span> <span class='ocrx_word' id='word_1_2' title='bbox 401 484 609 552; x_wconf 79' lang='lat' dir='ltr'>praeparatione</span> <span class='ocrx_word' id='word_1_3' title='bbox 627 483 741 538; x_wconf 78' lang='lat' dir='ltr'><strong>Consilii</strong></span> <span class='ocrx_word' id='word_1_4' title='bbox 758 483 921 538; x_wconf 82' lang='lat' dir='ltr'><strong>Tridentini.</strong></span> <span class='ocrx_word' id='word_1_5' title='bbox 1162 485 1196 537; x_wconf 72' lang='lat'><strong>75&gt;</strong></span> 
     </span>
    </p>
   </div>
   <div class='ocr_carea' id='block_1_2' title="bbox 70 627 1368 4340">
    <p class='ocr_par' dir='ltr' id='par_1_2' title="bbox 70 627 1368 3650">
     <span class='ocr_line' id='line_1_2' title="bbox 79 627 1368 712; baseline 0.002 -23"><span class='ocrx_word' id='word_1_6' title='bbox 79 627 217 694; x_wconf 86' lang='lat' dir='ltr'><strong>affectae.</strong></span> <span class='ocrx_word' id='word_1_7' title='bbox 243 667 287 676; x_wconf 94' lang='lat'><em>-</em></span> <span class='ocrx_word' id='word_1_8' title='bbox 314 628 417 708; x_wconf 88' lang='lat' dir='ltr'><strong>„Item</strong></span> <span class='ocrx_word' id='word_1_9' title='bbox 441 628 495 692; x_wconf 86' lang='lat' dir='ltr'><strong>lex</strong></span> <span class='ocrx_word' id='word_1_10' title='bbox 526 637 574 691; x_wconf 88' lang='lat' dir='ltr'><strong>est</strong></span> <span class='ocrx_word' id='word_1_11' title='bbox 601 629 738 712; x_wconf 86' lang='lat' dir='ltr'><strong>antiqua</strong></span> <span class='ocrx_word' id='word_1_12' title='bbox 762 629 944 693; x_wconf 87' lang='lat' dir='ltr'><strong>instaurata</strong></span> <span class='ocrx_word' id='word_1_13' title='bbox 968 651 988 690; x_wconf 86' lang='lat' dir='ltr'><strong>a</strong></span> <span class='ocrx_word' id='word_1_14' title='bbox 1013 628 1368 705; x_wconf 68' lang='lat' dir='ltr'><strong>Clementc,0⁰⁹²⁸¹&#39;l·&#39;1⁴mt¹0</strong></span> 
     </span>
     <span class='ocr_line' id='line_1_3' title="bbox 79 699 1340 812; baseline 0.002 -24"><span class='ocrx_word' id='word_1_15' title='bbox 79 725 183 808; x_wconf 82' lang='lat' dir='ltr'><strong>nefllr&#39;i</strong></span> <span class='ocrx_word' id='word_1_16' title='bbox 192 727 451 812; x_wconf 80' lang='lat' dir='ltr'><strong>presbyterorum</strong></span> <span class='ocrx_word' id='word_1_17' title='bbox 464 726 601 790; x_wconf 82' lang='lat' dir='ltr'><strong>babeant</strong></span> <span class='ocrx_word' id='word_1_18' title='bbox 608 737 782 812; x_wconf 86' lang='lat' dir='ltr'><strong>parentum</strong></span> <span class='ocrx_word' id='word_1_19' title='bbox 798 726 987 809; x_wconf 83' lang='lat' dir='ltr'><strong>beneficium,</strong></span> <span class='ocrx_word' id='word_1_20' title='bbox 1012 748 1054 790; x_wconf 88' lang='lat' dir='ltr'><strong>ne</strong></span> <span class='ocrx_word' id='word_1_21' title='bbox 1069 727 1196 790; x_wconf 87' lang='lat' dir='ltr'><strong>scilicet</strong></span> <span class='ocrx_word' id='word_1_22' title='bbox 1233 699 1340 800; x_wconf 48' lang='lat' dir='ltr'><strong>‘lm</strong></span> 
     </span>
     <span class='ocr_line' id='line_1_4' title="bbox 78 823 1194 908; baseline 0.003 -23"><span class='ocrx_word' id='word_1_23' title='bbox 78 845 124 886; x_wconf 87' lang='lat' dir='ltr'><strong>res</strong></span> <span class='ocrx_word' id='word_1_24' title='bbox 146 825 333 887; x_wconf 90' lang='lat' dir='ltr'><strong>eommunis</strong></span> <span class='ocrx_word' id='word_1_25' title='bbox 357 823 420 888; x_wconf 90' lang='lat' dir='ltr'><strong>hoc</strong></span> <span class='ocrx_word' id='word_1_26' title='bbox 444 824 541 887; x_wconf 91' lang='lat' dir='ltr'><strong>modo</strong></span> <span class='ocrx_word' id='word_1_27' title='bbox 570 823 628 888; x_wconf 86' lang='lat' dir='ltr'><strong>fiat</strong></span> <span class='ocrx_word' id='word_1_28' title='bbox 658 824 807 907; x_wconf 87' lang='lat' dir='ltr'><strong>privata:</strong></span> <span class='ocrx_word' id='word_1_29' title='bbox 843 823 1053 908; x_wconf 82' lang='lat' dir='ltr'><strong>dispensatur</strong></span> <span class='ocrx_word' id='word_1_30' title='bbox 1083 835 1194 888; x_wconf 84' lang='lat' dir='ltr'><strong>tamen</strong></span> 
     </span>
     <span class='ocr_line' id='line_1_5' title="bbox 79 919 1195 1005; baseline 0.002 -23"><span class='ocrx_word' id='word_1_31' title='bbox 79 925 123 1002; x_wconf 79' lang='lat' dir='ltr'><strong>(ut</strong></span> <span class='ocrx_word' id='word_1_32' title='bbox 144 921 313 1005; x_wconf 81' lang='lat' dir='ltr'><strong>audimus)</strong></span> <span class='ocrx_word' id='word_1_33' title='bbox 346 923 379 984; x_wconf 92' lang='lat' dir='ltr'><strong>in</strong></span> <span class='ocrx_word' id='word_1_34' title='bbox 405 921 467 985; x_wconf 88' lang='lat' dir='ltr'><strong>hac</strong></span> <span class='ocrx_word' id='word_1_35' title='bbox 492 921 684 985; x_wconf 85' lang='lat' dir='ltr'><strong>veneranda</strong></span> <span class='ocrx_word' id='word_1_36' title='bbox 707 919 810 1004; x_wconf 85' lang='lat' dir='ltr'><strong>lege.“</strong></span> <span class='ocrx_word' id='word_1_37' title='bbox 859 921 960 985; x_wconf 91' lang='lat' dir='ltr'><strong>Hune</strong></span> <span class='ocrx_word' id='word_1_38' title='bbox 984 922 1123 985; x_wconf 88' lang='lat' dir='ltr'><strong>abusum</strong></span> <span class='ocrx_word' id='word_1_39' title='bbox 1150 922 1195 985; x_wconf 90' lang='lat' dir='ltr'><strong>di-</strong></span> 
     </span>
     <span class='ocr_line' id='line_1_6' title="bbox 79 1018 1197 1110; baseline 0.003 -29"><span class='ocrx_word' id='word_1_40' title='bbox 79 1029 151 1082; x_wconf 90' lang='lat' dir='ltr'><strong>cunt</strong></span> <span class='ocrx_word' id='word_1_41' title='bbox 175 1021 358 1083; x_wconf 86' lang='lat' dir='ltr'><strong>maximam</strong></span> <span class='ocrx_word' id='word_1_42' title='bbox 383 1019 547 1083; x_wconf 86' lang='lat' dir='ltr'><strong>invidiam</strong></span> <span class='ocrx_word' id='word_1_43' title='bbox 573 1019 701 1083; x_wconf 80' lang='lat' dir='ltr'><strong>clericis</strong></span> <span class='ocrx_word' id='word_1_44' title='bbox 726 1041 848 1110; x_wconf 78' lang='lat' dir='ltr'><strong>creare.</strong></span> <span class='ocrx_word' id='word_1_45' title='bbox 876 1057 913 1066; x_wconf 90' lang='lat'><em>-</em></span> <span class='ocrx_word' id='word_1_46' title='bbox 944 1018 1064 1100; x_wconf 79' lang='lat' dir='ltr'><strong>„Alius</strong></span> <span class='ocrx_word' id='word_1_47' title='bbox 1082 1020 1197 1084; x_wconf 85' lang='lat' dir='ltr'><strong>ebusus</strong></span> 
     </span>
     <span class='ocr_line' id='line_1_7' title="bbox 76 1115 1197 1201; baseline 0.002 -23"><span class='ocrx_word' id='word_1_48' title='bbox 76 1118 175 1179; x_wconf 88' lang='lat' dir='ltr'><strong>estin</strong></span> <span class='ocrx_word' id='word_1_49' title='bbox 202 1117 508 1201; x_wconf 79' lang='lat' dir='ltr'><strong>exspectationibus</strong></span> <span class='ocrx_word' id='word_1_50' title='bbox 531 1128 564 1181; x_wconf 88' lang='lat' dir='ltr'><strong>et</strong></span> <span class='ocrx_word' id='word_1_51' title='bbox 587 1115 868 1181; x_wconf 86' lang='lat' dir='ltr'><strong>reservationibus</strong></span> <span class='ocrx_word' id='word_1_52' title='bbox 894 1118 1139 1199; x_wconf 88' lang='lat' dir='ltr'><strong>beneficiorum,</strong></span> <span class='ocrx_word' id='word_1_53' title='bbox 1165 1129 1197 1180; x_wconf 87' lang='lat' dir='ltr'><strong>et</strong></span> 
     </span>
     <span class='ocr_line' id='line_1_8' title="bbox 77 1213 1197 1296; baseline 0.003 -21"><span class='ocrx_word' id='word_1_54' title='bbox 77 1213 168 1277; x_wconf 86' lang='lat' dir='ltr'><strong>datur</strong></span> <span class='ocrx_word' id='word_1_55' title='bbox 207 1217 352 1296; x_wconf 82' lang='lat' dir='ltr'><strong>occasio,</strong></span> <span class='ocrx_word' id='word_1_56' title='bbox 393 1225 429 1278; x_wconf 94' lang='lat' dir='ltr'><strong>ut</strong></span> <span class='ocrx_word' id='word_1_57' title='bbox 467 1215 576 1280; x_wconf 88' lang='lat' dir='ltr'><strong>aliena</strong></span> <span class='ocrx_word' id='word_1_58' title='bbox 615 1237 703 1278; x_wconf 89' lang='lat' dir='ltr'><strong>mors</strong></span> <span class='ocrx_word' id='word_1_59' title='bbox 742 1215 948 1279; x_wconf 88' lang='lat' dir='ltr'><strong>desideretur</strong></span> <span class='ocrx_word' id='word_1_60' title='bbox 987 1227 1019 1279; x_wconf 90' lang='lat' dir='ltr'><strong>et</strong></span> <span class='ocrx_word' id='word_1_61' title='bbox 1055 1215 1197 1280; x_wconf 82' lang='lat' dir='ltr'><strong>libenter</strong></span> 
     </span>
     <span class='ocr_line' id='line_1_9' title="bbox 74 1313 1196 1404; baseline 0.002 -29"><span class='ocrx_word' id='word_1_62' title='bbox 74 1313 255 1376; x_wconf 80' lang='lat' dir='ltr'><strong>audiatur.“</strong></span> <span class='ocrx_word' id='word_1_63' title='bbox 284 1363 316 1376; x_wconf 91' lang='lat'><strong>..</strong></span> <span class='ocrx_word' id='word_1_64' title='bbox 335 1365 341 1378; x_wconf 95' lang='lat'><strong>.</strong></span> <span class='ocrx_word' id='word_1_65' title='bbox 368 1314 456 1377; x_wconf 87' lang='lat' dir='ltr'><strong>Dein</strong></span> <span class='ocrx_word' id='word_1_66' title='bbox 482 1322 784 1377; x_wconf 88' lang='lat' dir='ltr'><strong>commemorantur</strong></span> <span class='ocrx_word' id='word_1_67' title='bbox 799 1313 915 1377; x_wconf 85' lang='lat' dir='ltr'><strong>ebusus</strong></span> <span class='ocrx_word' id='word_1_68' title='bbox 929 1315 963 1377; x_wconf 86' lang='lat' dir='ltr'><strong>in</strong></span> <span class='ocrx_word' id='word_1_69' title='bbox 979 1315 1196 1404; x_wconf 83' lang='lat' dir='ltr'><strong>conjunctione</strong></span> 
     </span>
     <span class='ocr_line' id='line_1_10' title="bbox 70 1411 1195 1497; baseline 0.001 -24"><span class='ocrx_word' id='word_1_70' title='bbox 70 1411 209 1494; x_wconf 63' lang='lat' dir='ltr'><strong>plurium</strong></span> <span class='ocrx_word' id='word_1_71' title='bbox 233 1411 448 1496; x_wconf 80' lang='lat' dir='ltr'><strong>beneficiorum</strong></span> <span class='ocrx_word' id='word_1_72' title='bbox 480 1411 790 1497; x_wconf 89' lang='lat' dir='ltr'><strong>incompatibilium,</strong></span> <span class='ocrx_word' id='word_1_73' title='bbox 823 1434 849 1475; x_wconf 91' lang='lat' dir='ltr'><strong>e.</strong></span> <span class='ocrx_word' id='word_1_74' title='bbox 875 1434 906 1495; x_wconf 93' lang='lat' dir='ltr'><strong>g.</strong></span> <span class='ocrx_word' id='word_1_75' title='bbox 932 1413 1195 1496; x_wconf 84' lang='lat' dir='ltr'><strong>episcopatuum,</strong></span> 
     </span>
     <span class='ocr_line' id='line_1_11' title="bbox 74 1509 1195 1595; baseline 0.001 -24"><span class='ocrx_word' id='word_1_76' title='bbox 74 1518 102 1571; x_wconf 89' lang='lat' dir='ltr'><strong>et</strong></span> <span class='ocrx_word' id='word_1_77' title='bbox 139 1511 173 1572; x_wconf 91' lang='lat' dir='ltr'><strong>in</strong></span> <span class='ocrx_word' id='word_1_78' title='bbox 207 1511 495 1574; x_wconf 82' lang='lat' dir='ltr'><strong>commendatione</strong></span> <span class='ocrx_word' id='word_1_79' title='bbox 533 1512 785 1595; x_wconf 86' lang='lat' dir='ltr'><strong>episcopatuum</strong></span> <span class='ocrx_word' id='word_1_80' title='bbox 825 1509 1058 1574; x_wconf 81' lang='lat' dir='ltr'><strong>Cardinalibus</strong></span> <span class='ocrx_word' id='word_1_81' title='bbox 1097 1510 1195 1573; x_wconf 87' lang='lat' dir='ltr'><strong>facta.</strong></span> 
     </span>
     <span class='ocr_line' id='line_1_12' title="bbox 75 1606 1196 1693; baseline 0.002 -25"><span class='ocrx_word' id='word_1_82' title='bbox 75 1607 234 1687; x_wconf 78' lang='lat' dir='ltr'><strong>(Nimium</strong></span> <span class='ocrx_word' id='word_1_83' title='bbox 259 1607 313 1671; x_wconf 91' lang='lat' dir='ltr'><strong>hic</strong></span> <span class='ocrx_word' id='word_1_84' title='bbox 338 1630 406 1671; x_wconf 88' lang='lat' dir='ltr'><strong>rem</strong></span> <span class='ocrx_word' id='word_1_85' title='bbox 433 1618 560 1693; x_wconf 90' lang='lat' dir='ltr'><strong>urgent,</strong></span> <span class='ocrx_word' id='word_1_86' title='bbox 593 1606 673 1670; x_wconf 90' lang='lat' dir='ltr'><strong>dum</strong></span> <span class='ocrx_word' id='word_1_87' title='bbox 697 1607 765 1670; x_wconf 86' lang='lat' dir='ltr'><strong>fere</strong></span> <span class='ocrx_word' id='word_1_88' title='bbox 794 1609 977 1671; x_wconf 90' lang='lat' dir='ltr'><strong>universim</strong></span> <span class='ocrx_word' id='word_1_89' title='bbox 1002 1606 1196 1671; x_wconf 87' lang='lat' dir='ltr'><strong>Cardinales</strong></span> 
     </span>
     <span class='ocr_line' id='line_1_13' title="bbox 74 1704 1196 1787; baseline 0.002 -21"><span class='ocrx_word' id='word_1_90' title='bbox 74 1704 286 1787; x_wconf 88' lang='lat' dir='ltr'><strong>contendunt,</strong></span> <span class='ocrx_word' id='word_1_91' title='bbox 319 1718 356 1769; x_wconf 88' lang='lat' dir='ltr'><strong>ut</strong></span> <span class='ocrx_word' id='word_1_92' title='bbox 387 1707 560 1771; x_wconf 83' lang='lat' dir='ltr'><strong>Pontificis</strong></span> <span class='ocrx_word' id='word_1_93' title='bbox 591 1705 808 1787; x_wconf 81' lang='lat' dir='ltr'><strong>consiliarios,</strong></span> <span class='ocrx_word' id='word_1_94' title='bbox 848 1728 913 1770; x_wconf 92' lang='lat' dir='ltr'><strong>non</strong></span> <span class='ocrx_word' id='word_1_95' title='bbox 946 1705 1045 1769; x_wconf 92' lang='lat' dir='ltr'><strong>simul</strong></span> <span class='ocrx_word' id='word_1_96' title='bbox 1075 1705 1196 1769; x_wconf 89' lang='lat' dir='ltr'><strong>debere</strong></span> 
     </span>
     <span class='ocr_line' id='line_1_14' title="bbox 74 1803 1197 1888; baseline 0.001 -23"><span class='ocrx_word' id='word_1_97' title='bbox 74 1825 139 1866; x_wconf 90' lang='lat' dir='ltr'><strong>esse</strong></span> <span class='ocrx_word' id='word_1_98' title='bbox 164 1805 359 1888; x_wconf 85' lang='lat' dir='ltr'><strong>episcopos).</strong></span> <span class='ocrx_word' id='word_1_99' title='bbox 385 1843 426 1850; x_wconf 93' lang='lat'>—</span> <span class='ocrx_word' id='word_1_100' title='bbox 452 1804 678 1868; x_wconf 87' lang='lat' dir='ltr'><strong>Vehementer</strong></span> <span class='ocrx_word' id='word_1_101' title='bbox 701 1825 797 1888; x_wconf 88' lang='lat' dir='ltr'><strong>porro</strong></span> <span class='ocrx_word' id='word_1_102' title='bbox 823 1803 988 1868; x_wconf 90' lang='lat' dir='ltr'><strong>invehunt</strong></span> <span class='ocrx_word' id='word_1_103' title='bbox 1012 1803 1197 1867; x_wconf 66' lang='lat' dir='ltr'><strong>inclausum</strong></span> 
     </span>
     <span class='ocr_line' id='line_1_15' title="bbox 74 1899 1195 1986; baseline 0.001 -23"><span class='ocrx_word' id='word_1_104' title='bbox 74 1924 126 1984; x_wconf 80' lang='lat' dir='ltr'><strong>quo</strong></span> <span class='ocrx_word' id='word_1_105' title='bbox 152 1902 295 1986; x_wconf 82' lang='lat' dir='ltr'><strong>episcopi</strong></span> <span class='ocrx_word' id='word_1_106' title='bbox 318 1913 348 1965; x_wconf 88' lang='lat' dir='ltr'><strong>et</strong></span> <span class='ocrx_word' id='word_1_107' title='bbox 371 1905 474 1966; x_wconf 81' lang='lat' dir='ltr'><strong>curati</strong></span> <span class='ocrx_word' id='word_1_108' title='bbox 498 1927 518 1964; x_wconf 86' lang='lat' dir='ltr'><strong>a</strong></span> <span class='ocrx_word' id='word_1_109' title='bbox 542 1903 607 1967; x_wconf 80' lang='lat' dir='ltr'><strong>suis</strong></span> <span class='ocrx_word' id='word_1_110' title='bbox 632 1899 769 1964; x_wconf 77' lang='lat' dir='ltr'><strong>eeclesiis</strong></span> <span class='ocrx_word' id='word_1_111' title='bbox 794 1902 918 1966; x_wconf 85' lang='lat' dir='ltr'><strong>absunt.</strong></span> <span class='ocrx_word' id='word_1_112' title='bbox 959 1900 1104 1984; x_wconf 85' lang='lat' dir='ltr'><strong>„Omnes</strong></span> <span class='ocrx_word' id='word_1_113' title='bbox 1128 1902 1195 1964; x_wconf 89' lang='lat' dir='ltr'><strong>fere</strong></span> 
     </span>
     <span class='ocr_line' id='line_1_16' title="bbox 74 1999 1196 2083; baseline 0.001 -22"><span class='ocrx_word' id='word_1_114' title='bbox 74 2009 218 2082; x_wconf 87' lang='lat' dir='ltr'><strong>pastores</strong></span> <span class='ocrx_word' id='word_1_115' title='bbox 241 2009 449 2064; x_wconf 88' lang='lat' dir='ltr'><strong>recesserunt</strong></span> <span class='ocrx_word' id='word_1_116' title='bbox 473 2023 492 2062; x_wconf 88' lang='lat' dir='ltr'><strong>a</strong></span> <span class='ocrx_word' id='word_1_117' title='bbox 516 2001 584 2062; x_wconf 91' lang='lat' dir='ltr'><strong>suis</strong></span> <span class='ocrx_word' id='word_1_118' title='bbox 608 1999 775 2083; x_wconf 83' lang='lat' dir='ltr'><strong>gregibus,</strong></span> <span class='ocrx_word' id='word_1_119' title='bbox 801 2001 967 2063; x_wconf 84' lang='lat' dir='ltr'><strong>commissi</strong></span> <span class='ocrx_word' id='word_1_120' title='bbox 989 2009 1066 2062; x_wconf 90' lang='lat' dir='ltr'><strong>sunt</strong></span> <span class='ocrx_word' id='word_1_121' title='bbox 1082 2020 1196 2062; x_wconf 87' lang='lat' dir='ltr'><strong>omnes</strong></span> 
     </span>
     <span class='ocr_line' id='line_1_17' title="bbox 75 2096 1196 2182; baseline 0.001 -23"><span class='ocrx_word' id='word_1_122' title='bbox 75 2096 138 2160; x_wconf 84' lang='lat' dir='ltr'><strong>fere</strong></span> <span class='ocrx_word' id='word_1_123' title='bbox 171 2099 395 2162; x_wconf 89' lang='lat' dir='ltr'><strong>mercenariis.</strong></span> <span class='ocrx_word' id='word_1_124' title='bbox 443 2097 652 2182; x_wconf 75' lang='lat' dir='ltr'><strong>imponenda</strong></span> <span class='ocrx_word' id='word_1_125' title='bbox 692 2119 767 2180; x_wconf 89' lang='lat' dir='ltr'><strong>ergo</strong></span> <span class='ocrx_word' id='word_1_126' title='bbox 808 2107 893 2160; x_wconf 88' lang='lat' dir='ltr'><strong>esset</strong></span> <span class='ocrx_word' id='word_1_127' title='bbox 930 2119 1051 2181; x_wconf 88' lang='lat' dir='ltr'><strong>magna</strong></span> <span class='ocrx_word' id='word_1_128' title='bbox 1089 2119 1196 2182; x_wconf 89' lang='lat' dir='ltr'><strong>poena</strong></span> 
     </span>
     <span class='ocr_line' id='line_1_18' title="bbox 73 2195 1196 2280; baseline 0.002 -24"><span class='ocrx_word' id='word_1_129' title='bbox 73 2197 234 2280; x_wconf 88' lang='lat' dir='ltr'><strong>episeopis</strong></span> <span class='ocrx_word' id='word_1_130' title='bbox 273 2218 353 2280; x_wconf 85' lang='lat' dir='ltr'><strong>prae</strong></span> <span class='ocrx_word' id='word_1_131' title='bbox 392 2195 475 2276; x_wconf 83' lang='lat' dir='ltr'><strong>aliis,</strong></span> <span class='ocrx_word' id='word_1_132' title='bbox 517 2195 637 2259; x_wconf 90' lang='lat' dir='ltr'><strong>deinde</strong></span> <span class='ocrx_word' id='word_1_133' title='bbox 677 2197 799 2258; x_wconf 89' lang='lat' dir='ltr'><strong>curatis</strong></span> <span class='ocrx_word' id='word_1_134' title='bbox 838 2197 895 2279; x_wconf 90' lang='lat' dir='ltr'><strong>qui</strong></span> <span class='ocrx_word' id='word_1_135' title='bbox 931 2195 1053 2258; x_wconf 88' lang='lat' dir='ltr'><strong>absunt</strong></span> <span class='ocrx_word' id='word_1_136' title='bbox 1081 2218 1100 2258; x_wconf 87' lang='lat' dir='ltr'><strong>a</strong></span> <span class='ocrx_word' id='word_1_137' title='bbox 1128 2198 1196 2258; x_wconf 89' lang='lat' dir='ltr'><strong>suis</strong></span> 
     </span>
     <span class='ocr_line' id='line_1_19' title="bbox 73 2292 1195 2379; baseline 0.001 -24"><span class='ocrx_word' id='word_1_138' title='bbox 73 2292 236 2376; x_wconf 86' lang='lat' dir='ltr'><strong>gregibus.</strong></span> <span class='ocrx_word' id='word_1_139' title='bbox 270 2345 277 2358; x_wconf 86' lang='lat'><strong>.</strong></span> <span class='ocrx_word' id='word_1_140' title='bbox 304 2345 310 2358; x_wconf 99' lang='lat'><strong>.</strong></span> <span class='ocrx_word' id='word_1_141' title='bbox 338 2351 343 2362; x_wconf 89' lang='lat'><strong>.</strong></span> <span class='ocrx_word' id='word_1_142' title='bbox 378 2296 504 2360; x_wconf 84' lang='lat' dir='ltr'><strong>Abusus</strong></span> <span class='ocrx_word' id='word_1_143' title='bbox 528 2298 627 2358; x_wconf 87' lang='lat' dir='ltr'><strong>etiam</strong></span> <span class='ocrx_word' id='word_1_144' title='bbox 653 2304 711 2375; x_wconf 89' lang='lat' dir='ltr'><strong>est,</strong></span> <span class='ocrx_word' id='word_1_145' title='bbox 743 2293 832 2379; x_wconf 95' lang='lat' dir='ltr'><strong>quod</strong></span> <span class='ocrx_word' id='word_1_146' title='bbox 855 2303 903 2356; x_wconf 90' lang='lat' dir='ltr'><strong>tot</strong></span> <span class='ocrx_word' id='word_1_147' title='bbox 927 2293 1195 2357; x_wconf 85' lang='lat' dir='ltr'><strong>reverendissimi</strong></span> 
     </span>
     <span class='ocr_line' id='line_1_20' title="bbox 75 2390 1197 2477; baseline 0.001 -24"><span class='ocrx_word' id='word_1_148' title='bbox 75 2390 266 2455; x_wconf 87' lang='lat' dir='ltr'><strong>Cardinales</strong></span> <span class='ocrx_word' id='word_1_149' title='bbox 290 2394 402 2458; x_wconf 90' lang='lat' dir='ltr'><strong>absint</strong></span> <span class='ocrx_word' id='word_1_150' title='bbox 424 2395 466 2458; x_wconf 92' lang='lat' dir='ltr'><strong>ab</strong></span> <span class='ocrx_word' id='word_1_151' title='bbox 491 2394 555 2458; x_wconf 91' lang='lat' dir='ltr'><strong>hac</strong></span> <span class='ocrx_word' id='word_1_152' title='bbox 579 2395 682 2473; x_wconf 86' lang='lat' dir='ltr'><strong>curia,</strong></span> <span class='ocrx_word' id='word_1_153' title='bbox 708 2415 769 2456; x_wconf 90' lang='lat' dir='ltr'><strong>nec</strong></span> <span class='ocrx_word' id='word_1_154' title='bbox 783 2391 895 2477; x_wconf 86' lang='lat' dir='ltr'><strong>eliqua</strong></span> <span class='ocrx_word' id='word_1_155' title='bbox 912 2393 944 2455; x_wconf 93' lang='lat' dir='ltr'><strong>in</strong></span> <span class='ocrx_word' id='word_1_156' title='bbox 963 2401 1055 2476; x_wconf 88' lang='lat' dir='ltr'><strong>parte</strong></span> <span class='ocrx_word' id='word_1_157' title='bbox 1071 2390 1197 2455; x_wconf 88' lang='lat' dir='ltr'><strong>faciant</strong></span> 
     </span>
     <span class='ocr_line' id='line_1_21' title="bbox 75 2489 1195 2578; baseline 0.004 -28"><span class='ocrx_word' id='word_1_158' title='bbox 75 2489 245 2574; x_wconf 88' lang='lat' dir='ltr'><strong>quidpiam</strong></span> <span class='ocrx_word' id='word_1_159' title='bbox 281 2491 352 2575; x_wconf 86' lang='lat' dir='ltr'><strong>ejus</strong></span> <span class='ocrx_word' id='word_1_160' title='bbox 388 2491 503 2573; x_wconf 81' lang='lat' dir='ltr'><strong>oflicii,</strong></span> <span class='ocrx_word' id='word_1_161' title='bbox 544 2491 633 2578; x_wconf 85' lang='lat' dir='ltr'><strong>quod</strong></span> <span class='ocrx_word' id='word_1_162' title='bbox 672 2500 799 2575; x_wconf 86' lang='lat' dir='ltr'><strong>spectat</strong></span> <span class='ocrx_word' id='word_1_163' title='bbox 836 2490 877 2553; x_wconf 90' lang='lat' dir='ltr'><strong>ad</strong></span> <span class='ocrx_word' id='word_1_164' title='bbox 915 2490 1119 2556; x_wconf 86' lang='lat' dir='ltr'><strong>Cardinales.</strong></span> <span class='ocrx_word' id='word_1_165' title='bbox 1152 2529 1195 2537; x_wconf 89' lang='lat'>-</span> 
     </span>
     <span class='ocr_line' id='line_1_22' title="bbox 75 2585 1195 2673; baseline 0.003 -25"><span class='ocrx_word' id='word_1_166' title='bbox 75 2585 163 2650; x_wconf 83' lang='lat' dir='ltr'><strong>Alius</strong></span> <span class='ocrx_word' id='word_1_167' title='bbox 187 2586 304 2651; x_wconf 78' lang='lat' dir='ltr'><strong>abusus</strong></span> <span class='ocrx_word' id='word_1_168' title='bbox 329 2610 469 2673; x_wconf 86' lang='lat' dir='ltr'><strong>magnus</strong></span> <span class='ocrx_word' id='word_1_169' title='bbox 494 2598 525 2652; x_wconf 92' lang='lat' dir='ltr'><strong>et</strong></span> <span class='ocrx_word' id='word_1_170' title='bbox 551 2591 687 2652; x_wconf 90' lang='lat' dir='ltr'><strong>minime</strong></span> <span class='ocrx_word' id='word_1_171' title='bbox 711 2587 911 2667; x_wconf 90' lang='lat' dir='ltr'><strong>tolerandus,</strong></span> <span class='ocrx_word' id='word_1_172' title='bbox 938 2610 1002 2673; x_wconf 92' lang='lat' dir='ltr'><strong>quo</strong></span> <span class='ocrx_word' id='word_1_173' title='bbox 1020 2590 1195 2651; x_wconf 88' lang='lat' dir='ltr'><strong>universus</strong></span> 
     </span>
     <span class='ocr_line' id='line_1_23' title="bbox 74 2673 1224 2772; baseline 0.001 -25"><span class='ocrx_word' id='word_1_174' title='bbox 74 2684 209 2769; x_wconf 89' lang='lat' dir='ltr'><strong>populus</strong></span> <span class='ocrx_word' id='word_1_175' title='bbox 233 2685 433 2752; x_wconf 87' lang='lat' dir='ltr'><strong>christianus</strong></span> <span class='ocrx_word' id='word_1_176' title='bbox 450 2687 704 2766; x_wconf 85' lang='lat' dir='ltr'><strong>scandalizatur,</strong></span> <span class='ocrx_word' id='word_1_177' title='bbox 731 2695 779 2749; x_wconf 90' lang='lat' dir='ltr'><strong>est</strong></span> <span class='ocrx_word' id='word_1_178' title='bbox 802 2707 841 2749; x_wconf 81' lang='lat' dir='ltr'><strong>ere</strong></span> <span class='ocrx_word' id='word_1_179' title='bbox 856 2687 1087 2771; x_wconf 81' lang='lat' dir='ltr'><strong>impedimentis</strong></span> <span class='ocrx_word' id='word_1_180' title='bbox 1111 2708 1196 2772; x_wconf 88' lang='lat' dir='ltr'><strong>quae</strong></span> <span class='ocrx_word' id='word_1_181' title='bbox 1221 2673 1224 2680; x_wconf 45' lang='lat'>¹</span> 
     </span>
     <span class='ocr_line' id='line_1_24' title="bbox 75 2781 1195 2870; baseline 0.004 -27"><span class='ocrx_word' id='word_1_182' title='bbox 75 2781 256 2845; x_wconf 90' lang='lat' dir='ltr'><strong>inferuntur</strong></span> <span class='ocrx_word' id='word_1_183' title='bbox 270 2787 434 2870; x_wconf 91' lang='lat' dir='ltr'><strong>episeopis</strong></span> <span class='ocrx_word' id='word_1_184' title='bbox 452 2788 486 2848; x_wconf 91' lang='lat' dir='ltr'><strong>in</strong></span> <span class='ocrx_word' id='word_1_185' title='bbox 501 2786 743 2870; x_wconf 84' lang='lat' dir='ltr'><strong>gubernatione</strong></span> <span class='ocrx_word' id='word_1_186' title='bbox 761 2807 894 2847; x_wconf 89' lang='lat' dir='ltr'><strong>suarum</strong></span> <span class='ocrx_word' id='word_1_187' title='bbox 908 2785 1195 2866; x_wconf 81' lang='lat' dir='ltr'><strong>ovium,&#39;maxime</strong></span> 
     </span>
     <span class='ocr_line' id='line_1_25' title="bbox 77 2879 1196 2967; baseline 0.004 -27"><span class='ocrx_word' id='word_1_188' title='bbox 77 2879 102 2941; x_wconf 90' lang='lat' dir='ltr'><strong>in</strong></span> <span class='ocrx_word' id='word_1_189' title='bbox 125 2881 307 2965; x_wconf 87' lang='lat' dir='ltr'><strong>puniendis</strong></span> <span class='ocrx_word' id='word_1_190' title='bbox 331 2883 476 2947; x_wconf 89' lang='lat' dir='ltr'><strong>scelestis</strong></span> <span class='ocrx_word' id='word_1_191' title='bbox 502 2893 534 2946; x_wconf 89' lang='lat' dir='ltr'><strong>et</strong></span> <span class='ocrx_word' id='word_1_192' title='bbox 558 2884 772 2967; x_wconf 87' lang='lat' dir='ltr'><strong>corrigendis.</strong></span> <span class='ocrx_word' id='word_1_193' title='bbox 805 2883 890 2946; x_wconf 88' lang='lat' dir='ltr'><strong>Nam</strong></span> <span class='ocrx_word' id='word_1_194' title='bbox 916 2883 1059 2967; x_wconf 88' lang='lat' dir='ltr'><strong>primum</strong></span> <span class='ocrx_word' id='word_1_195' title='bbox 1084 2881 1196 2945; x_wconf 90' lang='lat' dir='ltr'><strong>multis</strong></span> 
     </span>
     <span class='ocr_line' id='line_1_26' title="bbox 79 2979 1196 3067; baseline 0.005 -29"><span class='ocrx_word' id='word_1_196' title='bbox 79 2979 130 3041; x_wconf 85' lang='lat' dir='ltr'><strong>viis</strong></span> <span class='ocrx_word' id='word_1_197' title='bbox 156 2980 309 3044; x_wconf 87' lang='lat' dir='ltr'><strong>eximunt</strong></span> <span class='ocrx_word' id='word_1_198' title='bbox 332 3004 366 3044; x_wconf 91' lang='lat' dir='ltr'><strong>se</strong></span> <span class='ocrx_word' id='word_1_199' title='bbox 391 2981 469 3045; x_wconf 87' lang='lat' dir='ltr'><strong>mali</strong></span> <span class='ocrx_word' id='word_1_200' title='bbox 493 2981 655 3062; x_wconf 90' lang='lat' dir='ltr'><strong>homines,</strong></span> <span class='ocrx_word' id='word_1_201' title='bbox 688 2983 882 3067; x_wconf 88' lang='lat' dir='ltr'><strong>praesertim</strong></span> <span class='ocrx_word' id='word_1_202' title='bbox 908 2980 1029 3064; x_wconf 87' lang='lat' dir='ltr'><strong>elerici,</strong></span> <span class='ocrx_word' id='word_1_203' title='bbox 1059 2981 1196 3065; x_wconf 89' lang='lat' dir='ltr'><strong>ajuris-</strong></span> 
     </span>
     <span class='ocr_line' id='line_1_27' title="bbox 76 3074 1194 3163; baseline 0.004 -27"><span class='ocrx_word' id='word_1_204' title='bbox 76 3074 213 3140; x_wconf 89' lang='lat' dir='ltr'><strong>dictione</strong></span> <span class='ocrx_word' id='word_1_205' title='bbox 238 3079 288 3140; x_wconf 88' lang='lat' dir='ltr'><strong>sui</strong></span> <span class='ocrx_word' id='word_1_206' title='bbox 313 3077 494 3144; x_wconf 87' lang='lat' dir='ltr'><strong>Ordinarii.</strong></span> <span class='ocrx_word' id='word_1_207' title='bbox 526 3079 669 3159; x_wconf 89' lang='lat' dir='ltr'><strong>Deinde,</strong></span> <span class='ocrx_word' id='word_1_208' title='bbox 695 3081 722 3142; x_wconf 88' lang='lat' dir='ltr'><strong>si</strong></span> <span class='ocrx_word' id='word_1_209' title='bbox 746 3101 813 3142; x_wconf 91' lang='lat' dir='ltr'><strong>non</strong></span> <span class='ocrx_word' id='word_1_210' title='bbox 839 3089 916 3142; x_wconf 89' lang='lat' dir='ltr'><strong>sunt</strong></span> <span class='ocrx_word' id='word_1_211' title='bbox 939 3081 1095 3163; x_wconf 87' lang='lat' dir='ltr'><strong>exempti,</strong></span> <span class='ocrx_word' id='word_1_212' title='bbox 1121 3100 1194 3142; x_wconf 87' lang='lat' dir='ltr'><strong>cou-</strong></span> 
     </span>
     <span class='ocr_line' id='line_1_28' title="bbox 74 3173 1194 3257; baseline 0.004 -23"><span class='ocrx_word' id='word_1_213' title='bbox 74 3173 199 3256; x_wconf 89' lang='lat' dir='ltr'><strong>fugiunt</strong></span> <span class='ocrx_word' id='word_1_214' title='bbox 229 3177 339 3248; x_wconf 87' lang='lat' dir='ltr'><strong>statim</strong></span> <span class='ocrx_word' id='word_1_215' title='bbox 365 3177 407 3240; x_wconf 90' lang='lat' dir='ltr'><strong>ad</strong></span> <span class='ocrx_word' id='word_1_216' title='bbox 430 3176 724 3242; x_wconf 90' lang='lat' dir='ltr'><strong>Poenitentiariam</strong></span> <span class='ocrx_word' id='word_1_217' title='bbox 759 3176 811 3240; x_wconf 92' lang='lat' dir='ltr'><strong>vel</strong></span> <span class='ocrx_word' id='word_1_218' title='bbox 841 3177 884 3240; x_wconf 88' lang='lat' dir='ltr'><strong>ad</strong></span> <span class='ocrx_word' id='word_1_219' title='bbox 908 3177 1096 3257; x_wconf 88' lang='lat' dir='ltr'><strong>Datariam,</strong></span> <span class='ocrx_word' id='word_1_220' title='bbox 1138 3176 1194 3239; x_wconf 89' lang='lat' dir='ltr'><strong>ubi</strong></span> 
     </span>
     <span class='ocr_line' id='line_1_29' title="bbox 73 3271 1193 3360; baseline 0.003 -27"><span class='ocrx_word' id='word_1_221' title='bbox 73 3271 240 3336; x_wconf 86' lang='lat' dir='ltr'><strong>confestim</strong></span> <span class='ocrx_word' id='word_1_222' title='bbox 271 3275 449 3338; x_wconf 88' lang='lat' dir='ltr'><strong>inveniunt</strong></span> <span class='ocrx_word' id='word_1_223' title='bbox 473 3276 561 3338; x_wconf 90' lang='lat' dir='ltr'><strong>viam</strong></span> <span class='ocrx_word' id='word_1_224' title='bbox 595 3277 797 3359; x_wconf 89' lang='lat' dir='ltr'><strong>impunitati,</strong></span> <span class='ocrx_word' id='word_1_225' title='bbox 837 3285 869 3338; x_wconf 87' lang='lat' dir='ltr'><strong>et</strong></span> <span class='ocrx_word' id='word_1_226' title='bbox 904 3273 991 3360; x_wconf 90' lang='lat' dir='ltr'><strong>quod</strong></span> <span class='ocrx_word' id='word_1_227' title='bbox 1016 3275 1111 3359; x_wconf 90' lang='lat' dir='ltr'><strong>pejus</strong></span> <span class='ocrx_word' id='word_1_228' title='bbox 1136 3286 1193 3355; x_wconf 86' lang='lat' dir='ltr'><strong>est,</strong></span> 
     </span>
     <span class='ocr_line' id='line_1_30' title="bbox 74 3365 1194 3457; baseline 0.006 -28"><span class='ocrx_word' id='word_1_229' title='bbox 74 3365 111 3430; x_wconf 94' lang='lat' dir='ltr'><strong>ob</strong></span> <span class='ocrx_word' id='word_1_230' title='bbox 135 3371 312 3453; x_wconf 87' lang='lat' dir='ltr'><strong>pecuniam</strong></span> <span class='ocrx_word' id='word_1_231' title='bbox 329 3374 531 3457; x_wconf 86' lang='lat' dir='ltr'><strong>praestitam.</strong></span> <span class='ocrx_word' id='word_1_232' title='bbox 557 3373 631 3436; x_wconf 91' lang='lat' dir='ltr'><strong>Hoc</strong></span> <span class='ocrx_word' id='word_1_233' title='bbox 647 3372 853 3454; x_wconf 91' lang='lat' dir='ltr'><strong>scandalum,</strong></span> <span class='ocrx_word' id='word_1_234' title='bbox 878 3373 1073 3436; x_wconf 87' lang='lat' dir='ltr'><strong>Beatissime</strong></span> <span class='ocrx_word' id='word_1_235' title='bbox 1086 3372 1194 3454; x_wconf 87' lang='lat' dir='ltr'><strong>Pater,</strong></span> 
     </span>
     <span class='ocr_line' id='line_1_31' title="bbox 75 3470 1196 3556; baseline 0.005 -28"><span class='ocrx_word' id='word_1_236' title='bbox 75 3475 241 3551; x_wconf 88' lang='lat' dir='ltr'><strong>tantopere</strong></span> <span class='ocrx_word' id='word_1_237' title='bbox 275 3471 451 3534; x_wconf 89' lang='lat' dir='ltr'><strong>conturbat</strong></span> <span class='ocrx_word' id='word_1_238' title='bbox 484 3470 703 3534; x_wconf 90' lang='lat' dir='ltr'><strong>christianum</strong></span> <span class='ocrx_word' id='word_1_239' title='bbox 738 3470 909 3556; x_wconf 90' lang='lat' dir='ltr'><strong>populum,</strong></span> <span class='ocrx_word' id='word_1_240' title='bbox 941 3479 978 3533; x_wconf 88' lang='lat' dir='ltr'><strong>ut</strong></span> <span class='ocrx_word' id='word_1_241' title='bbox 1005 3492 1071 3534; x_wconf 91' lang='lat' dir='ltr'><strong>uon</strong></span> <span class='ocrx_word' id='word_1_242' title='bbox 1096 3481 1196 3556; x_wconf 89' lang='lat' dir='ltr'><strong>queat</strong></span> 
     </span>
     <span class='ocr_line' id='line_1_32' title="bbox 76 3564 397 3650; baseline 0.019 -26"><span class='ocrx_word' id='word_1_243' title='bbox 76 3564 181 3627; x_wconf 88' lang='lat' dir='ltr'><strong>verbis</strong></span> <span class='ocrx_word' id='word_1_244' title='bbox 205 3565 397 3650; x_wconf 86' lang='lat' dir='ltr'><strong>explicari.“</strong></span> 
     </span>
    </p>

    <p class='ocr_par' dir='ltr' id='par_1_3' title="bbox 72 3663 1195 4340">
     <span class='ocr_line' id='line_1_33' title="bbox 158 3663 1195 3750; baseline 0.004 -25"><span class='ocrx_word' id='word_1_245' title='bbox 158 3663 207 3726; x_wconf 84' lang='lat'><strong>19.</strong></span> <span class='ocrx_word' id='word_1_246' title='bbox 259 3664 373 3744; x_wconf 79' lang='lat' dir='ltr'><strong>„Alius</strong></span> <span class='ocrx_word' id='word_1_247' title='bbox 396 3666 511 3729; x_wconf 83' lang='lat' dir='ltr'><strong>abusus</strong></span> <span class='ocrx_word' id='word_1_248' title='bbox 543 3667 758 3750; x_wconf 88' lang='lat' dir='ltr'><strong>corrigendus</strong></span> <span class='ocrx_word' id='word_1_249' title='bbox 783 3670 889 3731; x_wconf 89' lang='lat' dir='ltr'><strong>estin</strong></span> <span class='ocrx_word' id='word_1_250' title='bbox 919 3665 1084 3730; x_wconf 83' lang='lat' dir='ltr'><strong>ordinibus</strong></span> <span class='ocrx_word' id='word_1_251' title='bbox 1109 3665 1195 3729; x_wconf 81' lang='lat' dir='ltr'><strong>Reli·</strong></span> 
     </span>
     <span class='ocr_line' id='line_1_34' title="bbox 72 3759 1195 3849; baseline 0.007 -30"><span class='ocrx_word' id='word_1_252' title='bbox 72 3759 230 3841; x_wconf 77' lang='lat' dir='ltr'><strong>piosorum,</strong></span> <span class='ocrx_word' id='word_1_253' title='bbox 261 3763 349 3846; x_wconf 92' lang='lat' dir='ltr'><strong>quod</strong></span> <span class='ocrx_word' id='word_1_254' title='bbox 374 3764 456 3827; x_wconf 90' lang='lat' dir='ltr'><strong>adeo</strong></span> <span class='ocrx_word' id='word_1_255' title='bbox 482 3764 575 3827; x_wconf 89' lang='lat' dir='ltr'><strong>multi</strong></span> <span class='ocrx_word' id='word_1_256' title='bbox 602 3765 778 3828; x_wconf 87' lang='lat' dir='ltr'><strong>deformati</strong></span> <span class='ocrx_word' id='word_1_257' title='bbox 803 3776 890 3847; x_wconf 90' lang='lat' dir='ltr'><strong>sunt,</strong></span> <span class='ocrx_word' id='word_1_258' title='bbox 923 3775 959 3829; x_wconf 92' lang='lat' dir='ltr'><strong>ut</strong></span> <span class='ocrx_word' id='word_1_259' title='bbox 984 3786 1103 3849; x_wconf 90' lang='lat' dir='ltr'><strong>magno</strong></span> <span class='ocrx_word' id='word_1_260' title='bbox 1129 3767 1195 3828; x_wconf 85' lang='lat' dir='ltr'><strong>sint</strong></span> 
     </span>
     <span class='ocr_line' id='line_1_35' title="bbox 72 3857 1194 3948; baseline 0.008 -31"><span class='ocrx_word' id='word_1_261' title='bbox 72 3857 222 3921; x_wconf 86' lang='lat' dir='ltr'><strong>scandalo</strong></span> <span class='ocrx_word' id='word_1_262' title='bbox 266 3860 509 3942; x_wconf 89' lang='lat' dir='ltr'><strong>saecularibus,</strong></span> <span class='ocrx_word' id='word_1_263' title='bbox 557 3862 777 3947; x_wconf 85' lang='lat' dir='ltr'><strong>exemploque</strong></span> <span class='ocrx_word' id='word_1_264' title='bbox 818 3863 997 3948; x_wconf 91' lang='lat' dir='ltr'><strong>plurimum</strong></span> <span class='ocrx_word' id='word_1_265' title='bbox 1040 3874 1194 3926; x_wconf 86' lang='lat' dir='ltr'><strong>noceant.</strong></span> 
     </span>
     <span class='ocr_line' id='line_1_36' title="bbox 73 3951 1194 4045; baseline 0.007 -30"><span class='ocrx_word' id='word_1_266' title='bbox 73 3951 313 4022; x_wconf 84' lang='lat' dir='ltr'><strong>Conventuales</strong></span> <span class='ocrx_word' id='word_1_267' title='bbox 336 3959 468 4023; x_wconf 89' lang='lat' dir='ltr'><strong>ordines</strong></span> <span class='ocrx_word' id='word_1_268' title='bbox 492 3959 673 4024; x_wconf 90' lang='lat' dir='ltr'><strong>abolendos</strong></span> <span class='ocrx_word' id='word_1_269' title='bbox 698 3983 768 4024; x_wconf 90' lang='lat' dir='ltr'><strong>esse</strong></span> <span class='ocrx_word' id='word_1_270' title='bbox 793 3971 948 4045; x_wconf 89' lang='lat' dir='ltr'><strong>putamus</strong></span> <span class='ocrx_word' id='word_1_271' title='bbox 974 3983 1097 4038; x_wconf 87' lang='lat' dir='ltr'><strong>ornnes,</strong></span> <span class='ocrx_word' id='word_1_272' title='bbox 1127 3983 1194 4024; x_wconf 90' lang='lat' dir='ltr'><strong>uon</strong></span> 
     </span>
     <span class='ocr_line' id='line_1_37' title="bbox 72 4055 1194 4143; baseline 0.007 -31"><span class='ocrx_word' id='word_1_273' title='bbox 72 4059 178 4116; x_wconf 89' lang='lat' dir='ltr'><strong>tamen</strong></span> <span class='ocrx_word' id='word_1_274' title='bbox 213 4065 249 4118; x_wconf 92' lang='lat' dir='ltr'><strong>ut</strong></span> <span class='ocrx_word' id='word_1_275' title='bbox 281 4055 381 4120; x_wconf 86' lang='lat' dir='ltr'><strong>alicui</strong></span> <span class='ocrx_word' id='word_1_276' title='bbox 418 4058 477 4120; x_wconf 88' lang='lat' dir='ltr'><strong>fiat</strong></span> <span class='ocrx_word' id='word_1_277' title='bbox 514 4059 647 4143; x_wconf 87' lang='lat' dir='ltr'><strong>injuria,</strong></span> <span class='ocrx_word' id='word_1_278' title='bbox 689 4059 747 4121; x_wconf 87' lang='lat' dir='ltr'><strong>sed</strong></span> <span class='ocrx_word' id='word_1_279' title='bbox 783 4058 991 4142; x_wconf 88' lang='lat' dir='ltr'><strong>prohibendo</strong></span> <span class='ocrx_word' id='word_1_280' title='bbox 1024 4081 1066 4121; x_wconf 90' lang='lat' dir='ltr'><strong>ne</strong></span> <span class='ocrx_word' id='word_1_281' title='bbox 1090 4080 1194 4121; x_wconf 89' lang='lat' dir='ltr'><strong>novos</strong></span> 
     </span>
     <span class='ocr_line' id='line_1_38' title="bbox 73 4153 1195 4243; baseline 0.008 -32"><span class='ocrx_word' id='word_1_282' title='bbox 73 4153 192 4231; x_wconf 87' lang='lat' dir='ltr'><strong>possint</strong></span> <span class='ocrx_word' id='word_1_283' title='bbox 216 4153 401 4221; x_wconf 84' lang='lat' dir='ltr'><strong>admittere.</strong></span> <span class='ocrx_word' id='word_1_284' title='bbox 449 4155 505 4219; x_wconf 87' lang='lat' dir='ltr'><strong>Sic</strong></span> <span class='ocrx_word' id='word_1_285' title='bbox 530 4159 618 4221; x_wconf 92' lang='lat' dir='ltr'><strong>enim</strong></span> <span class='ocrx_word' id='word_1_286' title='bbox 652 4158 723 4222; x_wconf 87' lang='lat' dir='ltr'><strong>sine</strong></span> <span class='ocrx_word' id='word_1_287' title='bbox 748 4156 848 4220; x_wconf 91' lang='lat' dir='ltr'><strong>ullius</strong></span> <span class='ocrx_word' id='word_1_288' title='bbox 871 4158 994 4243; x_wconf 88' lang='lat' dir='ltr'><strong>injuria</strong></span> <span class='ocrx_word' id='word_1_289' title='bbox 1019 4159 1083 4219; x_wconf 90' lang='lat' dir='ltr'><strong>cito</strong></span> <span class='ocrx_word' id='word_1_290' title='bbox 1110 4157 1195 4220; x_wconf 88' lang='lat' dir='ltr'><strong>dele-</strong></span> 
     </span>
     <span class='ocr_line' id='line_1_39' title="bbox 76 4251 1194 4340; baseline 0.007 -32"><span class='ocrx_word' id='word_1_291' title='bbox 76 4258 183 4313; x_wconf 87' lang='lat' dir='ltr'><strong>rentur</strong></span> <span class='ocrx_word' id='word_1_292' title='bbox 212 4262 244 4314; x_wconf 92' lang='lat' dir='ltr'><strong>et</strong></span> <span class='ocrx_word' id='word_1_293' title='bbox 272 4251 352 4315; x_wconf 91' lang='lat' dir='ltr'><strong>boni</strong></span> <span class='ocrx_word' id='word_1_294' title='bbox 376 4253 524 4338; x_wconf 88' lang='lat' dir='ltr'><strong>religiosi</strong></span> <span class='ocrx_word' id='word_1_295' title='bbox 550 4257 597 4318; x_wconf 89' lang='lat' dir='ltr'><strong>eis</strong></span> <span class='ocrx_word' id='word_1_296' title='bbox 622 4252 778 4317; x_wconf 88' lang='lat' dir='ltr'><strong>substitui</strong></span> <span class='ocrx_word' id='word_1_297' title='bbox 803 4265 945 4340; x_wconf 88' lang='lat' dir='ltr'><strong>possent.</strong></span> <span class='ocrx_word' id='word_1_298' title='bbox 992 4255 1091 4318; x_wconf 90' lang='lat' dir='ltr'><strong>Nunc</strong></span> <span class='ocrx_word' id='word_1_299' title='bbox 1116 4276 1194 4317; x_wconf 88' lang='lat' dir='ltr'><strong>vero</strong></span> 
     </span>
    </p>
   </div>
   <div class='ocr_carea' id='block_1_3' title="bbox 0 0 1522 4894">
    <p class='ocr_par' dir='ltr' id='par_1_4' title="bbox 0 0 1522 4894">
     <span class='ocr_line' id='line_1_40' title="bbox 0 0 1522 4894; baseline 0 1"><span class='ocrx_word' id='word_1_300' title='bbox 0 0 1522 4894; x_wconf 95' lang='lat' dir='ltr'><strong> </strong></span> 
     </span>
    </p>
   </div>
  </div>
 </body>
</html>
