3336 4908
313 437 352 490 De
370 435 536 492 Jansenismi
555 435 662 504 origine
680 441 709 489 et
727 410 880 505 progressu.
1105 439 1158 494 235

46 581 371 666 accuratioribusque
395 578 608 643 calumniosis
623 581 802 667 praecipue
818 581 963 646 Jesuitas
986 602 1157 665 proseque-

49 676 145 759 batur,
170 687 208 740 ut
230 677 348 741 borum
372 677 536 752 influxum
562 677 753 742 destrueret.
785 677 896 764 Hujus
919 678 987 742 odii
1004 700 1043 742 ea
1059 700 1159 742 causa

46 775 136 838 fuisse
180 775 332 858 videtur,
381 775 470 860 quod
518 776 691 859 Vergerius
734 777 950 861 perspiceret,
993 776 1159 862 principia

44 871 240 936 Jesuitarum
266 874 300 936 in
325 872 476 937 doctrina
500 882 533 936 et
556 873 735 959 disciplina
759 896 776 937 e
801 873 961 937 diametro
991 875 1059 936 suis
1092 874 1159 957 opi·

45 971 193 1034 nionibus
217 973 368 1056 opposita
392 993 474 1050 esse,
500 980 532 1053 et
555 973 687 1036 nonnisi
712 971 877 1036 destructo
896 992 1010 1034 eorum
1027 971 1158 1035 influxu

45 1089 160 1132 errores
195 1090 271 1132 suos
301 1090 394 1154 posse
426 1071 613 1154 propagari.
662 1068 838 1134 Caeterum
861 1091 974 1154 ‘quum
997 1068 1082 1133 liber
1105 1068 1159 1132 ille
1226 1067 1228 1075 ’

43 1166 186 1230 Aurelius
218 1168 360 1251 scriptus
389 1167 559 1231 videretur
589 1168 631 1232 ad
657 1166 867 1252 splendorem
884 1220 886 1223 ,
903 1177 935 1230 61
964 1177 1158 1253 potestatem

44 1261 243 1328 hierarchiae
275 1263 518 1329 ecclesiasticae
549 1265 772 1329 vindicandae
807 1266 901 1328 initio
941 1265 1159 1350 plurimorum

42 1383 78 1423 ex
101 1362 188 1427 clero
210 1361 339 1426 Galliae
364 1362 499 1446 plausus
522 1363 677 1444 obtinuit,
703 1385 894 1448 erroresque
918 1364 1028 1427 minus
1052 1362 1159 1426 obser·

43 1461 104 1522 vati
119 1461 266 1526 fuerunt.
313 1461 496 1545 Vergerius
520 1461 656 1546 quidem
673 1462 763 1545 operi
780 1482 846 1524 non
861 1463 1016 1545 apposuit
1037 1482 1159 1524 nomen

44 1578 142 1638 suum,
168 1558 228 1622 sed
252 1559 360 1643 ipsum
387 1580 456 1622 esse
480 1568 650 1622 auctorem
674 1580 788 1634 ornnes
812 1558 1045 1643 conjiciebant,
1069 1559 1159 1622 inde-

43 1675 98 1738 que
122 1657 284 1742 majorem
309 1657 452 1721 obtinuit
466 1659 705 1721 auctoritatem.
744 1656 1024 1729 1161616616ὃῖ
1050 1655 1160 1741 plures

42 1753 177 1818 asseclas
215 1754 279 1817 sibi
309 1756 426 1840 junxit
461 1753 666 1835 celebriores,
706 1756 791 1818 inter
830 1776 911 1840 quos
951 1756 1162 1818 eminuerunt

44 1850 151 1915 fratres
178 1851 345 1918 Antonius
376 1861 408 1916 61
431 1853 525 1917 Isaac
548 1853 743 1933 Lemaistre,
776 1853 833 1936 qui
864 1850 995 1915 eaeculo
1026 1861 1058 1915 61
1088 1851 1159 1935 ejus

45 1947 160 2031 gloriae
176 1950 420 2031 valedixerunt,
447 1959 483 2012 ut
495 1949 556 2013 sub
574 1950 756 2014 directione
781 1948 868 2012 illius
892 1948 1074 2013 seductoris
1087 1949 1167 2012 Deo·

42 2056 71 2108 ct
92 2048 211 2112 studiis
235 2049 337 2113 sacris
362 2050 521 2113 viverent.

124 2148 178 2212 22.
228 2145 344 2226 Qualis
368 2149 498 2209 animus
523 2146 674 2229 Vergerii
705 2145 804 2209 fuerit
834 2147 958 2230 optime
987 2144 1095 2208 elucet
1117 2167 1160 2208 ex
1183 2150 1330 2229 suinae-¹

45 2241 86 2324 iis,
111 2266 197 2328 quae
222 2244 263 2307 de
288 2245 358 2328 ipso
383 2243 495 2306 retulit
518 2265 543 2308 s.
559 2243 758 2306 Vincentius
782 2243 928 2324 aPaulo,
954 2243 1090 2328 ejusque
1114 2264 1160 2306 re·

41 2336 111 2403 latio
142 2364 182 2406 eo
216 2341 350 2426 majoris
375 2343 533 2404 momenti
558 2351 620 2422 est,
654 2340 742 2426 quod
766 2342 819 2404 vir
842 2340 897 2405 ille
922 2351 1055 2405 sanctus
1078 2339 1160 2403 nulli

44 2438 142 2502 studio
169 2441 313 2524 partium
338 2439 493 2502 addictus
517 2449 612 2520 esset,
637 2448 669 2501 et
683 2440 762 2502 satis
786 2439 844 2503 diu
868 2440 1025 2503 unionem
1049 2459 1161 2523 quam·

43 2533 110 2598 dam
136 2560 214 2601 cum
231 2538 390 2620 Vergcrio
415 2536 578 2600 habuerit.
604 2537 709 2608 Erant
733 2538 821 2600 enim
844 2546 887 2600 'ex
912 2537 1027 2601 eadem
1054 2538 1161 2620 patria

44 2635 180 2716 oriundi,
206 2646 237 2698 61
254 2657 278 2700 s.
290 2635 488 2697 Vincentius
505 2655 605 2718 opera
620 2633 709 2697 illius
734 2636 780 2696 uti
795 2634 1007 2698 desiderabat
1029 2635 1071 2698 ad
1089 2635 1161 2698 fun·

44 2728 204 2796 dationem
227 2730 502 2814 Congregationis
527 2754 616 2813 suae,
641 2753 678 2795 eo
704 2732 793 2817 quod
808 2732 987 2816 Vergerius
1011 2742 1161 2796 versatus

45 2824 216 2893 baberetur
239 2831 274 2892 in
292 2829 468 2914 disciplina
484 2831 638 2914 antiqua3
663 2829 719 2893 hic
732 2841 841 2893 autem
855 2832 1036 2894 amicitiam
1051 2831 1162 2894 s.Vin·

43 2930 135 2991 centii
171 2926 278 2991 colere
308 2926 463 2991 studebat
494 2927 537 2991 ad
567 2929 736 3012 propriam
766 2928 1097 3007 commendationem,
1130 2937 1162 2991 61

42 3043 111 3086 oum
135 3028 170 3089 in
188 3034 300 3110 partes
324 3046 400 3088 suae
423 3023 554 3088 trabere
579 3025 759 3109 satagebat.
807 3024 989 3110 Aliquanto
1013 3037 1161 3110 tempore

43 3117 245 3203 Vincentius,
270 3124 326 3208 qui
343 3122 511 3186 eminebat
528 3124 665 3186 caritate
682 3145 766 3208 quae
790 3144 855 3186 nou
882 3126 1005 3207 cogitat
1026 3123 1160 3205 malum,

44 3215 187 3304 Vergerii
213 3221 303 3284 dicta
327 3230 360 3283 et
383 3212 520 3283 factatn
535 3220 703 3284 meliorem
721 3221 1001 3305 interpretabatur
1015 3232 1159 3309 partem,
1198 3271 1202 3278 .

44 3316 95 3379 sed
123 3340 226 3405 quum
258 3317 336 3381 inde
372 3316 427 3380 ille
458 3317 617 3381 audacior
647 3319 753 3381 factus
785 3320 933 3402 apertius
968 3342 1063 3383 sensa
1102 3342 1161 3383 sua

44 3419 189 3496 aperiret,
215 3417 391 3479 sectarium
409 3415 604 3491 Vincentius
629 3417 775 3499 agnovit.
824 3416 965 3482 Juvabit
986 3438 1024 3479 ea
1041 3417 1161 3479 referre

47 3531 121 3592 quae
145 3514 249 3578 habet
272 3513 381 3597 Rapin
406 3512 443 3578 Τ.
469 3514 495 3576 Ι.
520 3513 558 3578 L.
584 3513 660 3579 Vll.
692 3536 724 3599 p.
748 3515 822 3579 321.
876 3515 949 3594 „Un
970 3515 1047 3598 jour
1071 3516 1162 3577 etant

46 3612 165 3676 tombes
189 3611 259 3675 l’un
284 3621 316 3674 et
339 3621 432 3674 autre
457 3633 497 3674 en
514 3610 706 3678 discourant
729 3611 898 3675 ensemble
924 3634 980 3674 sur
1003 3609 1161 3695 quelques

48 3710 147 3786 points
171 3710 213 3774 de
237 3709 268 3772 la
293 3709 442 3773 doctrine
467 3700 508 3771 de
535 3708 663 3788 Calvin‚
697 3710 719 3773 il
743 3732 785 3772 ne
808 3720 868 3795 put
892 3708 1096 3793 s’empecher
1120 3708 1160 3770 (16

46 3798 86 3865 lui
109 3807 190 3871 faire
215 3813 358 3892 paraltre
382 3828 439 3870 son
457 3808 673 3869 etonnement
688 3807 728 3871 de
745 3809 817 3870 voir
830 3829 894 3892 que
906 3805 1018 3869 l'abbe
1031 3807 1162 3890 prenait

47 3895 73 3960 le
94 3907 176 3987 parti
201 3904 242 3967 (16
267 3903 428 3967 defendre
451 3903 587 3968 l'erreur
612 3905 651 3967 do
676 3914 728 3967 cet
751 3905 940 3990 here'tique:
966 3926 1022 3966 sur
1036 3906 1113 3989 quoi
1130 3902 1160 3965 le

47 3999 116 4078 pbre
146 4001 191 4064 lui
224 4010 326 4084 ayant
356 4003 550 4085 represente
582 4023 646 4087 que
678 4012 762 4065 cette
794 4002 943 4065 doctrine
975 4000 1015 4063 (16
1041 4000 1161 4063 Oalvin

49 4095 117 4177 qu’il
129 4099 310 4181 defendait,
336 4101 418 4161 etait
432 4099 638 4162 condamnee
651 4099 692 4162 de
705 4099 840 4183 l'Eglise
854 4099 1024 4178 Romaine,
1048 4096 1161 4161 l’abbe

50 4206 97 4256 eut
118 4196 266 4261 l'audace
284 4197 325 4260 de
341 4198 507 4281 repondre
532 4219 595 4281 que
611 4194 731 4260 Calvin
756 4198 884 4260 n'avait
898 4218 958 4281 pas
975 4218 1015 4258 eu
1032 4217 1073 4259 en
1091 4193 1161 4258 cela

1218 2217 1271 2252 trus.
