3336 4908
382 428 422 480 lJe
440 425 570 481 Romanis
586 426 771 484 Pontificibus.
814 476 815 481 ,
1099 429 1154 484 lat.

122 571 168 637 19.
194 569 263 635 Sub
280 572 375 634 initio
393 570 605 656 pontificatus
621 568 773 653 Gregorii
790 571 877 635 XIII
901 572 1026 637 accidit
1040 572 1180 676 clades,
1193 574 1283 624 ⁸²¹⁸&
1307 659 1314 667 ι

1196 638 1304 676 Bartholo

46 667 91 730 illa
112 668 233 732 famosa
258 678 291 732 ct
314 668 455 748 funesta,
488 692 554 754 qua
576 669 713 736 Parisiis
736 678 832 732 nocte
857 692 881 734 s.
907 669 1151 735 Bartholomaei
1202 699 1270 738 mser.

44 786 67 828 a,
91 767 245 849 15721110
269 766 427 851 deinceps
452 768 487 830 in
510 767 584 830 aliis
608 765 737 831 Gallias
762 766 953 851 regionibus
969 767 1152 852 Hugenotti

46 885 99 926 non
120 866 218 948 pauci
243 864 400 929 uncidati
433 873 517 929 sunt.
565 864 714 929 Difficile
738 874 787 928 est
810 874 843 928 et
866 863 1012 948 longum,
1044 864 1154 948 singil-

44 959 122 1024 latim
146 963 348 1042 examinare,
382 984 449 1047 qua
472 965 599 1027 ratione
624 972 750 1046 strages
774 962 831 1026 illa
854 963 1014 1048 disposita
1037 963 1154 1044 fuerit3

43 1080 137 1142 pauca
160 1060 284 1124 sufficit
308 1059 428 1140 dicere,
453 1069 490 1123 ut
512 1069 672 1146 appareat
696 1062 731 1125 in
747 1059 934 1125 Ecclesiam
958 1060 1155 1125 catholicam

44 1157 77 1220 ob
98 1157 227 1221 facinus
246 1158 340 1221 istud
365 1157 493 1223 nullum
517 1159 733 1246 opprobrium
758 1159 879 1244 conjici
904 1180 1010 1243 posse.
1041 1197 1084 1209 -
1115 1159 1156 1223 In

44 1253 139 1319 Gallia
163 1255 345 1338 Hugenotti
378 1256 504 1319 crudeli
537 1278 613 1321 oum
646 1257 756 1320 furore
788 1278 912 1320 errores
941 1279 1016 1319 suos
1043 1279 1155 1340 propa·

44 1363 200 1435 gererent,
233 1363 332 1438 atque
356 1364 445 1417 secta
469 1353 552 1417 haec
576 1353 878 1439 politico-religiosa
909 1353 1032 1417 bellum
1057 1354 1156 1418 civile

43 1450 290 1535 (1115621567,
307 1452 403 1532 1568)
414 1452 676 1515 funestissimum
687 1462 937 1536 provocaverat.
955 1451 1157 1516 Saeviebant

44 1549 188 1612 haeretici
212 1550 265 1612 isti
291 1549 456 1612 dirissime
480 1551 514 1612 in
541 1547 738 1629 Catholioos,
773 1548 868 1634 plura
892 1560 1032 1613 centena
1055 1549 1156 1613 ecole-

43 1649 153 1710 siarum
178 1647 424 1728 destruxerunt,
456 1647 572 1711 saltem
597 1657 740 1731 quatuor
763 1646 867 1711 millia
891 1647 1100 1711 sacerdotum
1124 1658 1157 1712 et

42 1745 258 1830 religiosorum
280 1745 501 1826 trucidarunt,
538 1754 569 1808 et
592 1767 693 1829 opera
718 1744 873 1829 Colignyi
907 1745 1002 1809 ducis
1026 1745 1155 1810 illorum

44 1843 231 1908 Franciseus
255 1842 402 1908 Guisius
417 1843 488 1906 dux
505 1841 753 1907 Catholicorum
778 1866 797 1906 a
821 1845 939 1907 sicario
965 1844 1156 1909 interfectus

43 1941 104 2006 fuit.
141 1943 180 2005 In
197 1940 293 2006 bellis
317 1942 388 2004 istis
399 1940 581 2023 Hugenotti
597 1940 720 2004 devicti
734 1950 830 2021 sunt3
855 1940 913 2004 sed
930 1940 1155 2023 nihilominus,

43 2061 135 2123 quum
158 2062 227 2125 pax
244 2037 507 2121 concluderetur,
533 2037 653 2102 multas
677 2038 892 2102 obtinuerunt
916 2039 1154 2118 concessiones,

43 2157 95 2198 nec
117 2159 232 2201 eorum
256 2137 403 2221 potentia
427 2135 612 2220 periculosa
636 2136 791 2200 concidit.
838 2135 1018 2200 Catharina
1040 2138 1156 2219 regina

43 2238 144 2299 omnia
167 2234 310 2299 utilitate
333 2233 515 2298 demetiens
539 2256 579 2297 ac
602 2235 723 2298 timens
747 2233 926 2299 Guisorum
950 2244 1155 2318 potestatem,

44 2331 243 2416 Hugenottis,
269 2333 423 2417 quamvis
439 2333 503 2416 ipsi
527 2332 628 2395 invisi
653 2342 772 2412 essent,
798 2330 938 2396 cedebat
955 2331 996 2395 ob
1013 2335 1156 2398 rationes

43 2431 206 2495 utidicunt
219 2430 380 2516 politicas.
406 2429 640 2513 Populusvero
657 2429 822 2493 inferioris
837 2429 1156 2493 conditionisEccle-

43 2528 100 2590 siae
124 2528 280 2592 addictus
304 2527 403 2591 corde
419 2527 678 2592 abominabatur
691 2526 875 2591 haereticos
890 2528 978 2604 istos,
1004 2537 1036 2589 et
1059 2549 1157 2611 aegre

43 2645 146 2689 eorum
167 2627 349 2711 potentiam
370 2624 507 2690 ferebat.
533 2664 574 2673 —
600 2625 646 2690 Ut
670 2625 848 2689 concordia
861 2638 942 2688 ‘oum
958 2625 1157 2709 Hugenottis

43 2726 167 2788 omnino
190 2723 386 2801 firmaretur,
413 2722 624 2807 Margaretha
641 2721 842 2786 Catharinae
865 2721 934 2786 filia
958 2721 1156 2806 desponsata

42 2818 95 2882 fuit
119 2821 264 2885 Henrico
289 2820 499 2885 Bourbonico
529 2821 701 2883 Navarrae
734 2821 876 2905 principi
909 2819 1085 2899 haeretico,
1125 2830 1158 2883 et

43 2919 206 2982 occasione
237 2920 428 3003 nuptiarum
463 2917 557 2981 multi
582 2917 710 2981 nobiles
735 2918 918 3001 Hugenotti
942 2918 1078 2981 Parisiis
1102 2939 1155 2980 ve·

42 3026 159 3079 nerant.
208 3014 274 3081 Sed
305 3038 383 3080 mox
408 3016 494 3078 vidit
518 3013 709 3095 Camarina,
742 3037 784 3078 ex
809 3016 1051 3078 consociatione
1080 3036 1155 3078 cum

43 3111 233 3198 Hugenottis
257 3126 326 3177 tum
351 3135 451 3197 regno
476 3121 546 3176 tum
571 3114 637 3197 ipsi,
658 3135 780 3196 magna
805 3111 952 3196 pericula
973 3113 1154 3178 imminere.

44 3207 175 3296 Coligny
200 3215 289 3275 enim
313 3232 532 3296 permagnum
557 3212 666 3296 coepit
689 3212 836 3274 nancisci
862 3209 1028 3273 influxum
1045 3211 1079 3272 in
1098 3207 1157 3272 Ca·

43 3309 139 3373 rolum
162 3310 214 3374 IX
238 3332 348 3394 regem
373 3309 628 3389 adolescentem,
663 3332 805 3396 eumque
830 3309 924 3374 brevi
949 3332 987 3372 eo
1011 3309 1079 3372 fere
1104 3307 1157 3372 de·

44 3404 140 3489 duxit,
164 3418 202 3471 ut
218 3409 334 3472 foedus
359 3430 434 3471 cum
446 3407 558 3491 Belgis
575 3410 673 3472 iniret
690 3418 805 3471 contra
820 3429 931 3491 regem
947 3405 1155 3471 catholicum.

45 3498 196 3569 Catholici
221 3503 351 3571 Galliae
383 3506 425 3570 ob
449 3507 632 3572 amicitiam
664 3505 754 3570 illam
779 3528 854 3570 cum
880 3506 1080 3590 Hugenottis
1103 3527 1156 3568 ve-

45 3597 205 3682 hementer
228 3605 415 3689 exasperati
440 3613 525 3685 sunt,
551 3627 590 3668 ac
614 3607 729 3688 regina
753 3627 848 3668 suum
874 3606 908 3667 in
925 3602 1029 3667 filium
1044 3625 1156 3687 regem

44 3697 199 3766 influxum
223 3705 329 3786 magis
354 3703 524 3788 magisque
550 3702 635 3767 vidit
659 3704 823 3769 imminui.

124 3799 177 3864 20.
224 3802 289 3863 Die
322 3801 382 3864 220
414 3800 556 3884 Augusti
593 3824 622 3866 a.
649 3802 735 3864 1572
767 3800 963 3864 insidiosum
987 3810 1155 3863 tentamen

45 3891 158 3959 factum
189 3907 238 3959 est
261 3898 437 3961 occidendi
463 3897 677 3983 Colignyum,
719 3899 776 3962 sed
810 3908 939 3961 tantum
964 3897 1158 3961 vulneratus
1251 3952 1255 3961 ,

46 3986 106 4055 fuit,
124 3993 389 4059 AliiidHenrico
400 3993 694 4060 GuisioFrancisci
708 3996 802 4059 ducis
813 3993 889 4073 filie,
908 3993 974 4079 alii,
989 3997 1078 4081 iique
1087 3995 1156 4079 plu·

47 4087 111 4153 rimi
127 4115 165 4155 ac
181 4095 301 4174 verius,
327 4095 462 4178 reginae
486 4093 684 4161 tribuerunt.
725 4093 791 4158 Sed
815 4093 979 4179 quidquid
1004 4115 1042 4156 ea
1066 4093 1157 4156 dere

46 4183 143 4271 fuerit,
168 4192 284 4275 ingens
308 4193 516 4276 exasperatio
535 4193 741 4276 Hugenottos
765 4193 898 4272 invasit,
924 4200 1023 4276 atque
1040 4189 1158 4254 Catha-
