3034 4894
447 477 559 532 Consilii
574 477 702 545 periodus
719 476 816 543 prima.
1183 473 1218 526 85

109 634 139 687 et
155 623 300 688 Basileae
323 623 454 686 fuerant
475 620 525 686 illi
549 621 690 706 adjecta,
723 619 785 683 hoc
810 629 858 682 est
892 639 995 703 „quae
1016 615 1174 702 Syuodus
1198 637 1218 678 a

108 721 226 785 Christo
243 720 435 786 immediate
450 728 646 804 potestatem
664 717 774 798 habet,
801 717 853 780 cui
869 715 1010 801 quilibet
1033 715 1218 800 cujuscum-

106 840 162 903 que
184 829 286 883 status
308 817 364 882 vel
388 818 560 902 dignitatis
592 817 722 879 etiamsi
758 813 886 900 papalis
924 805 1046 878 existat
1084 811 1218 876 obedire

105 919 254 981 tenetur.“
302 915 400 996 Quae
425 915 528 978 verbe
549 913 662 1000 quoad
686 912 876 977 Concilium
890 911 1146 975 Constantiense
1170 919 1218 970 ut-

106 1035 237 1099 cumque
256 1013 419 1098 explieari
436 1022 603 1098 poterant:
628 1011 686 1076 sed
701 1008 891 1074 Basileense
903 1007 1104 1088 Concilium,
1130 1004 1219 1091 quod

104 1121 189 1174 extra
218 1121 368 1196 tempora
399 1111 588 1174 schismatis
619 1110 709 1172 hunc
738 1106 873 1182 titulum
903 1106 968 1170 sibi
995 1113 1218 1187 arrogaverat,

104 1229 173 1271 mox
195 1211 230 1274 in
253 1208 504 1274 schismaticum
528 1207 787 1272 conciliabulum
811 1225 944 1270 versum
969 1205 1086 1268 fuerat.
1133 1202 1220 1264 Teti-

102 1317 213 1390 gerunt
235 1310 336 1371 etiam
360 1329 472 1372 coram
498 1308 663 1392 episcopis
684 1305 784 1390 legati
799 1304 863 1368 hoe
878 1311 1110 1386 argumentum
1126 1297 1219 1362 alias

101 1426 158 1488 qne
181 1405 386 1470 addiderunt
409 1407 563 1485 rationes,
588 1416 625 1467 ut
640 1403 854 1468 ostenderent
869 1400 1003 1464 titulum
1020 1419 1086 1464 non
1103 1417 1218 1480 oppor-

99 1512 211 1566 tunum
233 1525 307 1566 esse
330 1504 431 1566 etiam
460 1511 614 1588 respectu
648 1500 763 1565 habito
798 1499 843 1563 ad
866 1498 1059 1576 haereticos,
1099 1494 1220 1579 quibus

101 1600 152 1664 tali
173 1601 283 1682 modo,
318 1622 421 1686 quum
454 1602 600 1686 episcopi
626 1601 732 1662 coacti
757 1599 911 1684 quamvis
934 1596 1032 1681 pauci
1056 1591 1219 1679 ejusmodi

101 1699 226 1762 titulum
252 1699 315 1762 sibi
340 1698 534 1778 tribuerent,
556 1707 672 1782 aperte
696 1695 918 1775 indicabatur,
943 1694 1067 1778 sejam
1092 1690 1134 1754 ab
1158 1690 1219 1753 Ec-

101 1795 194 1862 clesia
217 1807 367 1860 extorres
400 1817 481 1860 esse.
517 1835 560 1842 —
596 1794 693 1858 Aliae
715 1794 882 1880 quaedam
911 1791 1154 1856 controversiae
1175 1788 1219 1850 de

100 1897 291 1960 auctoritate
313 1894 497 1977 legatorum
522 1915 701 1979 eorumque
726 1891 845 1975 agendi
867 1891 966 1954 modo
993 1898 1136 1968 axonae,
1162 1886 1219 1949 sed

98 1995 216 2076 pariter
241 2015 321 2055 mox
345 1993 547 2075 compositae
571 2001 657 2054 sunt.

182 2091 237 2155 30.
288 2089 445 2169 Quaestio
489 2087 729 2175 aliquantisper
767 2089 895 2171 agitata
932 2093 998 2165 est,
1044 2093 1156 2145 utrum
1200 2092 1389 2164 atnadpepa·

98 2187 307 2272 dogmatibus
331 2186 573 2272 pertractandis
602 2185 835 2270 incipiendum
868 2193 964 2260 esset,
1003 2203 1046 2244 an
1082 2201 1160 2242 vero
1198 2155 1389 2256 anbissdffim'

99 2285 238 2350 decretis
259 2279 517 2349 reformationis.
565 2284 595 2347 A
627 2279 863 2348 reformatione
882 2301 1012 2346 morum
1039 2288 1074 2342 ut
1097 2279 1220 2362 incipe-

98 2393 182 2446 retur
206 2382 344 2468 petebat
360 2381 492 2462 Caesar,
518 2393 550 2445 et
567 2384 600 2446 in
617 2404 690 2446 eam
707 2382 905 2445 sententiam
923 2377 1101 2443 videbatur
1116 2376 1222 2460 major

96 2502 168 2566 pars
201 2481 342 2544 Patrurn
380 2479 561 2544 declinare.
616 2480 828 2564 imperatoris
865 2479 976 2543 animo
1015 2473 1221 2558 aliorumque

96 2578 219 2664 aliquot
251 2581 400 2641 virorum
444 2577 554 2642 adhuc
587 2578 727 2641 infixum
759 2597 829 2640 esse
861 2574 1047 2654 videbatur,
1082 2573 1221 2635 minoris

98 2679 255 2742 momenti
282 2699 355 2740 esse
389 2676 585 2757 doctrinam,
623 2677 682 2740 sed
713 2675 836 2738 summi
868 2674 1024 2737 momenti
1054 2671 1220 2734 abusuum

97 2775 374 2839 reformationem.
423 2774 476 2837 Ex
511 2774 720 2858 corruptione
752 2772 975 2857 opinabantur
1003 2769 1221 2834 defectionem

97 2871 357 2936 Protestantium
382 2873 561 2956 praecipue
586 2871 796 2956 provenisse3
822 2893 881 2955 per
903 2867 1146 2933 reformationis
1167 2865 1221 2928 de·

96 2981 183 3034 creta
206 2972 298 3054 ipsos
323 2968 434 3033 adhuc
457 2969 666 3034 reconciliari
690 2991 802 3054 posse3
827 2990 887 3052 per
910 2966 1119 3030 definitiones
1142 2963 1219 3026 fidei

97 3079 209 3132 contra
235 3069 383 3152 ipsorum
410 3067 577 3131 doctrinas
601 3089 658 3130 eos
683 3069 789 3150 magis
806 3066 1010 3130 exacerbari.
1034 3065 1126 3128 Dum
1143 3084 1221 3126 vero

95 3165 258 3248 agebatur
297 3165 338 3228 de
377 3165 620 3248 reformatione,
661 3166 839 3249 praecipue
872 3163 1056 3226 Romanam
1096 3162 1220 3224 curiam

95 3263 306 3348 spectabant,
334 3264 401 3326 cui
437 3261 555 3344 multa,
596 3264 695 3326 etiam
732 3263 867 3346 injuste,
908 3260 1121 3347 objiciebant.
1168 3259 1222 3322 Ex

96 3362 261 3445 episcopis
284 3383 365 3424 eane
389 3360 524 3445 plurimi
549 3360 590 3424 ad
605 3359 782 3445 petendam
797 3361 941 3444 primum
953 3359 1221 3422 reformationem

96 3480 224 3522 morum
256 3458 479 3523 movebantur
509 3459 643 3522 virtutis
675 3479 804 3532 amore3
844 3456 1082 3542 exspectabant
1109 3465 1221 3520 tamen

95 3556 172 3619 inde
198 3558 299 3619 etiam
328 3556 431 3642 aliqui
463 3557 636 3641 dignitatis
676 3578 754 3619 suae
789 3567 1014 3639 augmentum,
1054 3575 1092 3618 eo
1132 3552 1221 3638 quod

95 3653 274 3736 privilegia
302 3653 521 3718 tribunalium
546 3654 771 3717 Romanorum
801 3653 1029 3736 restringenda
1054 3673 1123 3715 esse
1148 3673 1221 3714 cen-

96 3749 223 3814 sebant.
249 3750 405 3815 Pontifex
422 3753 539 3837 legatis
564 3752 700 3815 dederat
723 3753 758 3814 in
776 3751 952 3833 mandatis,
977 3759 1013 3813 ut
1037 3748 1221 3812 secundum
1301 3734 1304 3743 Δ

96 3869 221 3912 morem
246 3850 431 3935 antiquum,
457 3849 494 3913 ob
511 3853 662 3938 majorem
676 3849 861 3934 drqaitatem
884 3849 943 3926 rei,
965 3859 999 3910 et
1021 3846 1059 3910 ob
1083 3845 1223 3910 1111111111

95 3947 245 4024 haeresia,
279 3969 364 4032 quae
388 3957 502 4011 contra
526 3948 683 4030 dogmata
706 3945 877 4010 Ecclesiae
906 3967 977 4010 sese
1007 3956 1169 4026 erexerat,
1202 3967 1221 4007 a

95 4043 161 4107 fide
196 4045 409 4129 inciperetur.
472 4043 665 4109 Accedebat
703 4044 790 4130 quod
830 4045 1008 4131 psscqitota
1045 4043 1222 4106 emendatio

97 4143 237 4204 11111111
257 4144 456 4228 potissimum
480 4144 515 4206 ia
537 4144 618 4206 11111
643 4167 679 4206 ac
703 4145 867 4206 Romanae
895 4141 1010 4207 Curiae
1035 4139 1221 4220 1111111111,

98 4261 157 4302 nee
174 4240 347 4324 prudentis
364 4249 449 4304 esset
463 4241 634 4325 principia,
658 4242 783 4324 regiam
800 4263 894 4304 suam
912 4240 1011 4304 subdi
1026 4238 1221 4302 correctioni
