2964 4912
358 511 399 564 De
418 508 593 563 Pontificibus
612 507 713 562 saeculi
733 507 835 560 XVIII.
1108 504 1160 560 385

51 655 142 720 licani
172 666 203 720 et
233 653 377 738 regaliae
411 654 637 716 extensionem
668 651 865 714 vindicavit.
913 649 993 712 Post
1024 658 1161 712 mortem

51 755 145 838 ipsius
177 754 324 819 obsecuti
358 760 434 815 sunt
467 749 662 815 Cardinales
697 748 868 814 Gallorum
902 747 1093 826 desideriis,
1128 756 1164 809 ut

49 850 198 934 eligerent
220 853 437 915 Innocentiam
459 848 529 912 XII
548 847 755 932 (Pignatelli)
789 848 899 909 virum
924 845 966 909 ad
991 867 1107 930 pacem
1132 855 1164 908 et

49 949 251 1012 concordiam
283 970 441 1034 pronum3
479 945 536 1010 sed
562 947 660 1009 etiam
693 948 764 1030 ipse
789 966 862 1008 eam
894 965 960 1007 non
992 945 1162 1020 concessit,

48 1047 103 1109 nisi
142 1058 216 1132 post
248 1047 514 1110 retractationem
553 1054 585 1108 et
618 1044 876 1108 satisfactionem
910 1043 1161 1106 convenientem

47 1141 118 1208 Sedi
142 1144 354 1230 Apostolicae
379 1143 575 1206 exhibitam.

131 1246 180 1308 11.
229 1241 285 1306 Sic
309 1263 425 1306 revera
453 1239 487 1303 hi
513 1239 690 1304 Pontifices
715 1261 829 1302 omnes
853 1259 912 1324 pro
936 1237 1065 1301 viribus
1088 1259 1162 1301 auc-

46 1341 202 1405 toritatem
228 1362 322 1404 suam
354 1339 481 1403 fortiter
504 1346 537 1401 et
567 1336 748 1421 prudenter
777 1338 852 1400 tuiti
879 1345 965 1400 sunt.
1012 1339 1163 1400 Eventus

45 1447 149 1502 tamen
171 1441 257 1502 varii
281 1437 328 1501 illi
354 1459 435 1523 quos
464 1437 654 1514 innuimus,
680 1443 712 1498 et
734 1434 904 1499 tendentia
928 1438 1085 1500 continua
1107 1457 1162 1520 gu-

46 1534 146 1600 bernii
175 1535 347 1601 Gallorum
378 1543 414 1598 ut
438 1534 607 1597 Romanos
631 1532 809 1596 Pontifices
840 1544 992 1614 vexaret,
1025 1536 1163 1598 auctori-

45 1636 98 1696 tati
133 1634 165 1698 S.
191 1633 286 1698 Sedis
319 1632 410 1696 haud
444 1631 602 1694 mediocri
635 1630 840 1716 praejudicio
873 1630 1017 1696 fuerunt.
1064 1631 1163 1711 Quod

46 1731 290 1816 impugnaretur
325 1729 357 1795 S.
382 1730 483 1795 Sedes
519 1751 561 1792 ex
596 1737 689 1812 parte
723 1727 876 1812 gubernii
912 1738 945 1792 et
974 1727 1060 1793 Cleri
1088 1728 1163 1793 Gal-

46 1827 156 1911 licam,
191 1830 347 1916 quodque
371 1837 462 1890 tanto
486 1825 599 1890 labore
624 1848 658 1888 se
682 1825 852 1911 defendere
876 1838 1063 1912 cogeretur,
1091 1828 1163 1913 jam

1194 650 1305 689 iunocen-

1196 718 1241 754 tius
1257 716 1306 754 XII.

45 1928 168 2008 signum
195 1937 276 2008 erat,
301 1927 523 1990 reverentiam
536 1927 571 1988 in
587 1923 706 1988 Sedem
723 1923 948 2010 Apostolicam
965 1927 1163 1990 diminutam
1252 1987 1255 1994 .

47 2045 120 2090 esse.
167 2025 239 2089 Nec
255 2026 420 2109 reparatio
444 2022 542 2109 plane
560 2022 722 2108 completa
747 2025 892 2108 satisque
912 2023 1067 2088 solemnis
1090 2025 1161 2089 fuit.

45 2119 227 2187 Satisfactio
256 2125 344 2186 enim
378 2145 420 2186 ex
443 2132 536 2207 parte
562 2120 647 2185 Cleri
680 2131 712 2184 et
735 2123 823 2204 regis
851 2123 1007 2206 praestita
1031 2121 1163 2187 charac-

45 2229 139 2284 terem
170 2220 319 2284 habebat
351 2218 453 2283 multo
487 2220 596 2282 minus
627 2217 796 2302 publicum
829 2241 928 2304 quam
961 2221 1160 2302 Declaratio,

46 2328 256 2400 perrexerunt
279 2317 367 2382 Galli
399 2319 483 2381 tueri
509 2317 685 2380 doctrinam
715 2319 749 2379 In
774 2316 1006 2381 Declaratione
1032 2328 1163 2383 conteu-

46 2425 121 2497 tam‚
158 2418 303 2502 perstitit
339 2417 463 2500 pariter
496 2416 644 2478 extensio
680 2414 765 2500 juris
798 2415 940 2497 regaliae
974 2416 1016 2480 ad
1049 2439 1162 2481 omnes

45 2513 192 2578 ecclesias
227 2513 365 2579 Galliae.
413 2512 673 2576 Prudentissime
706 2521 817 2575 tamen
852 2535 1024 2577 censemus
1057 2517 1162 2598 egisse

46 2609 272 2676 innocentium
290 2611 365 2674 XII
389 2611 424 2673 in
448 2608 513 2674 illis
537 2609 714 2695 adjunctis,
740 2609 828 2694 quod
849 2611 1058 2676 concordiam
1077 2615 1163 2676 inter

45 2707 157 2773 Sedem
184 2693 413 2795 Apostolicam
445 2716 476 2771 et
501 2707 644 2772 Galliam
669 2707 767 2771 modo
793 2710 941 2793 exposito
966 2712 1160 2792 restitueret,

45 2829 144 2893 neque
169 2809 212 2873 ad
239 2829 389 2872 severam
409 2807 559 2891 justitiae
584 2827 734 2869 normam
759 2809 871 2870 omnia
895 2805 1030 2870 libraret
1054 2817 1086 2871 et
1109 2831 1162 2894 po-

44 2905 181 2973 stularet.
240 2905 352 2985 Quum
387 2926 465 2967 vero
499 2925 536 2968 eo
569 2912 716 2988 tempore
749 2904 943 2968 Ludovicus
975 2906 1059 2970 XIV
1090 2907 1162 2992 jam

45 3005 141 3069 vitam
165 3019 281 3089 ageret
304 3002 402 3090 plane
418 3003 632 3066 christianam
657 3013 689 3066 et
705 3003 875 3067 Ecclesiae
898 3003 1162 3067 addictissimum

45 3123 74 3164 se
97 3102 289 3186 praeberet,
322 3105 422 3166 etiam
446 3101 617 3165 tendentia
641 3099 745 3166 Gallis
773 3104 923 3187 opposita
947 3102 1071 3166 Romae
1095 3125 1163 3166 mu·

44 3207 106 3263 tata
131 3211 188 3265 est.
236 3201 387 3264 Mortuus
411 3209 459 3264 est
475 3199 690 3263 Innocentius
706 3199 780 3262 XII
806 3199 859 3262 die
883 3201 944 3263 27⁰
960 3199 1163 3286 Septembris

43 3317 69 3360 a.
95 3299 192 3381 1700,
219 3320 320 3383 quum
344 3298 470 3362 Romae
493 3297 686 3362 Jubilaeum
711 3321 869 3384 magnum
894 3299 1123 3366 celebraretur.

129 3397 180 3460 12.
233 3395 374 3461 Clemens
389 3397 442 3459 XI
454 3400 497 3478 (a.
517 3396 759 3478 luco-1721),
785 3406 883 3460 antea
897 3397 1044 3462 Ioannes
1062 3399 1162 3462 Fran-

43 3492 145 3557 ciscus
172 3493 360 3558 Cardinalis
384 3493 526 3575 Albani,
561 3493 615 3557 die
639 3495 700 3557 230
722 3494 922 3559 Novembris
955 3517 985 3559 a.
1013 3495 1097 3560 1700
1127 3499 1159 3560 in

43 3587 234 3655 Pontificem
260 3590 383 3655 electus
407 3600 472 3673 est,
505 3613 607 3677 quum
631 3592 770 3656 haberet
792 3615 896 3656 annos
921 3596 1162 3679 quinquaginta

43 3695 72 3748 et
94 3711 210 3755 unum.
257 3689 482 3753 Difficultates
515 3688 714 3775 multiplices
747 3689 959 3776 pontificatus
984 3693 1034 3754 sui
1059 3692 1162 3756 veluti

44 3788 265 3866 praesentiens
297 3809 356 3872 per
385 3797 450 3851 tres
475 3787 545 3852 dies
575 3810 739 3851 summam
769 3788 962 3870 dignitatem
996 3790 1162 3855 declinare

44 3882 183 3967 studuit3
220 3893 384 3970 postremo
417 3894 529 3949 tamen
562 3888 648 3950 votis
682 3883 909 3950 Cardinalium
944 3891 1049 3954 cessit.
1101 3889 1162 3952 Vir

44 3978 103 4042 fuit
126 3983 266 4068 pietate,
300 3983 503 4066 eruditione,
538 3985 642 4047 animi
667 3985 853 4046 constantia
885 3983 982 4068 plane
1011 3988 1160 4070 insignis,

44 4080 96 4161 qui
121 4102 250 4144 summo
276 4102 350 4145 cum
375 4079 487 4145 labore
511 4102 706 4167 summaque
730 4080 952 4146 sollicitudine
976 4083 1161 4148 Ecclesiam

44 4196 99 4258 per
129 4178 249 4244 multos
280 4178 481 4262 gubernavit
509 4199 614 4243 anuos
644 4177 765 4264 quibus
796 4177 939 4263 plurima
969 4180 1163 4245 acciderunt

44 4272 197 4356 adversa,
223 4278 268 4340 ita
293 4285 328 4340 ut
352 4300 417 4341 non
443 4277 593 4342 obstante
617 4279 819 4363 praestantia
843 4277 1027 4359 Pontificio,
1053 4290 1163 4343 aucto-

97 4390 239 4442 Jungmsnm
253 4394 443 4434 DIssertstiones.
459 4395 524 4434 Tom.
535 4395 586 4434 VII.
966 4387 1001 4438 25
