3288 4900
231 2486 306 2526 Sessio
317 2497 357 2525 sex

358 2491 389 2525 la.

402 472 438 526 94
724 473 880 528 XXXVIII.
899 475 940 529 De
958 475 1076 530 Concilio
1095 476 1263 533 Tridentino.

396 617 548 701 justitiae
572 618 667 700 signa
683 626 824 702 putaret.
848 619 887 681 In
902 621 1047 704 supremi
1066 619 1187 704 judieii
1211 624 1516 686 commemoratione

402 716 603 778 mentionem
628 736 765 799 operum
790 737 809 778 a
834 715 965 780 Christo
990 716 1072 799 fieri,
1098 739 1164 781 non
1188 719 1267 803 quia
1290 718 1431 803 gloriam
1454 743 1516 804 pro-

401 821 598 892 mereantur,
623 811 680 876 sed
706 814 784 897 quia
808 812 908 877 fidem
932 813 1082 898 probent,
1107 814 1257 900 adeoque
1280 817 1420 902 perinde
1444 840 1515 900 esse,

401 931 420 972 a
445 909 577 974 Christo
601 910 686 975 dici:
715 909 843 992 „sitive
868 921 901 974 et
925 911 1063 976 dedistis
1087 912 1169 976 mihi
1192 912 1351 996 bibere“;
1375 937 1416 978 ac
1440 915 1514 978 dici:

401 1007 476 1088 „Ex
515 1007 707 1092 hujusmodi
745 1029 843 1092 opere
881 1012 989 1094 patuit
1019 1010 1102 1074 fides
1133 1015 1276 1074 vestra.‘'‘
1323 1013 1514 1098 Hujusmodi

401 1127 506 1168 sermo
532 1107 579 1168 uti
602 1105 758 1169 Patribus
788 1106 921 1170 odiosus
952 1107 1145 1192 obstrepuit,
1179 1111 1226 1172 ita
1257 1111 1291 1173 in
1324 1110 1514 1196 quibusdam

401 1203 789 1296 memoriamrefricavit
817 1215 967 1269 veterum
998 1209 1257 1288 accusationum,
1289 1230 1372 1292 quas
1397 1206 1515 1292 Gaspar

401 1301 608 1365 Contarenus
632 1301 715 1366 Julii
739 1312 877 1386 patruus
907 1303 1064 1386 subierat,
1105 1305 1192 1389 quod
1225 1305 1348 1369 similia
1372 1308 1514 1390 opinatus

333 1468 335 1472 ,
401 1408 598 1464 censeretur.
646 1397 850 1483 Seripandus
882 1423 1026 1486 quoque,
1064 1404 1214 1467 minister
1248 1402 1414 1487 generalis
1445 1402 1513 1482 Ord.

401 1519 425 1560 s.
450 1496 632 1579 Augustini
657 1508 689 1560 et
711 1495 884 1581 theologus
909 1499 1061 1582 eximius,
1095 1499 1136 1563 de
1155 1500 1398 1585 justificatione
1422 1523 1460 1564 ac
1482 1500 1514 1562 de

395 1597 525 1681 justitia
549 1596 721 1680 opiniones
745 1595 891 1659 habebat
907 1597 1005 1660 valde
1021 1597 1194 1682 implexas,
1220 1608 1252 1661 et
1265 1597 1512 1663 Protestantium

400 1693 567 1776 figmentis
591 1714 658 1756 non
683 1694 762 1756 satis
787 1696 964 1778 oppositas.
1013 1695 1180 1762 Censebat
1203 1695 1371 1778 videlicet,
1398 1706 1512 1781 praeter

274 1831 277 1836 -
321 1861 325 1867 ,
400 1792 543 1854 infusam
576 1791 740 1875 justitiam
781 1814 819 1854 ac
856 1793 972 1855 merita
1009 1792 1134 1856 Christi
1167 1815 1249 1878 opus
1287 1817 1359 1858 esse
1400 1795 1508 1858 homini

400 1889 523 1953 Christi
543 1889 708 1973 justitiam
733 1890 890 1973 imputari
913 1912 971 1974 per
995 1890 1105 1972 fidem,
1131 1903 1167 1954 ut
1181 1892 1270 1976 apud
1288 1893 1354 1956 Dei
1378 1891 1510 1956 tribunal
1562 1911 1563 1948 i

400 1987 446 2050 illi
478 1986 565 2050 salus
596 1986 816 2071 adjudicetur.
868 1986 1053 2072 Seripando
1085 1991 1297 2054 commissum
1327 1990 1451 2072 fuerat,
1486 2007 1513 2050 ut
1560 1993 1563 2050 ,ζ

401 2085 532 2170 decreta
564 2085 605 2148 de
624 2083 864 2170 justificatione
889 2085 1081 2166 conficeret3
1114 2087 1173 2150 sed
1201 2109 1303 2173 quum
1329 2111 1369 2152 ea
1395 2090 1512 2152 concin-
1562 2111 1563 2128 ³

400 2193 510 2247 nasset
533 2182 717 2247 secundum
741 2205 816 2246 suas
847 2184 1030 2267 opiniones,
1064 2194 1138 2268 post
1169 2185 1347 2270 plurimam
1381 2186 1511 2270 disputa·

399 2283 524 2345 tionem
557 2281 640 2345 adeo
674 2280 730 2344 illa
763 2283 938 2344 immutata
970 2285 1144 2367 comperit,
1184 2293 1220 2346 ut
1257 2305 1317 2368 pro
1352 2286 1421 2348 suis
1457 2305 1511 2346 non
1562 2319 1563 2344 1

400 2381 635 2462 agnosceret.¹)

488 2479 542 2542 43.
576 2477 680 2541 Sessio
705 2488 795 2542 scroto
818 2478 872 2542 die
899 2479 957 2542 13⁰
980 2479 1134 2544 lanuarii
1159 2503 1188 2544 a.
1215 2479 1300 2544 1547
1324 2479 1441 2544 habita
1463 2487 1511 2558 est,

401 2578 454 2639 cui
487 2576 706 2639 interfuerunt
739 2585 880 2661 quatuor
904 2577 1110 2659 Cardinales,
1143 2578 1258 2641 decem
1282 2577 1511 2662 archiepiscopi

400 2683 432 2737 et
459 2674 680 2760 quadraginta
711 2676 858 2760 quinque
889 2677 1047 2760 episcopi.
1097 2675 1260 2740 Doctrina
1289 2675 1452 2738 catholica
1479 2673 1511 2736 do
1560 2727 1561 2732 ,

393 2771 632 2856 justificatione
663 2771 813 2857 pluribus
846 2774 1012 2858 capitibus
1051 2783 1082 2837 et
1122 2775 1306 2839 canonibus
1346 2776 1508 2860 perspicue

400 2869 536 2933 definita
551 2869 741 2934 est'Simul
765 2870 1010 2955 promulgatum
1035 2881 1084 2935 est
1108 2871 1277 2936 decretum
1303 2872 1344 2936 de
1369 2873 1508 2936 reforma-

398 2969 498 3049 tione,
524 2967 565 3031 de
577 2968 756 3032 residentia
769 2968 999 3052 episcoporum
1018 2968 1225 3054 aliorumque
1241 2969 1507 3054 presbyterorum,

400 3088 439 3130 ac
474 3065 515 3129 de
543 3065 678 3149 juribus
712 3074 744 3128 et
781 3065 900 3129 officiis
935 3069 1166 3152 episcoporum
1190 3068 1226 3130 in
1250 3068 1454 3150 corrigendis
1479 3087 1508 3126 ao

399 3162 578 3246 puniendis
617 3162 756 3245 clericis,
795 3173 893 3249 atque
932 3167 965 3229 in
1002 3167 1191 3230 visitatione
1224 3166 1450 3231 ecclesiarum.
1476 3198 1507 3209 „

399 3262 500 3324 Brevi
532 3267 605 3346 post
637 3263 670 3324 in
696 3261 959 3346 Congregatione
982 3263 1145 3348 generali,
1177 3264 1230 3327 die
1253 3265 1314 3328 25⁰
1338 3263 1503 3338 Februarii,

401 3357 589 3422 Cardi'nalis
612 3359 790 3424 Montanus
814 3364 1076 3425 communicavit
1094 3361 1250 3426 Patribus
1274 3362 1423 3448 diploma
1446 3382 1505 3446 pon·

399 3457 550 3538 tifioium,
576 3478 640 3542 quo
658 3460 804 3542 episcopi
819 3459 1014 3523 Cardinales
1038 3470 1071 3523 et
1097 3483 1116 3523 a
1145 3462 1212 3523 suis
1237 3460 1386 3525 ecelesiis
1409 3461 1504 3524 abesse
1560 3531 1561 3536 ἵ

400 3565 433 3618 et
462 3553 612 3639 pluribus
643 3577 794 3640 praeesse
826 3559 920 3621 vetiti
951 3567 1036 3622 sunt.
1084 3557 1208 3622 Paulus
1231 3558 1284 3622 III
1319 3559 1408 3622 edito
1440 3559 1503 3642 ejus·
1560 3569 1561 3608 i

401 3652 491 3716 modi
522 3652 701 3737 diplomate
734 3655 813 3717 satis
845 3655 998 3736 ostendit,
1033 3657 1117 3718 serio
1153 3657 1422 3720 reformationem
1456 3651 1503 3738 ipsi

400 3753 603 3835 propositam
628 3774 715 3833 esse3
748 3755 902 3838 quamvis
934 3756 1022 3817 enim
1048 3754 1185 3818 difficile
1217 3757 1259 3818 sit
1283 3758 1416 3840 privare
1445 3773 1503 3817 coo·
1560 3799 1561 3810 .

349 3932 355 3944 .
401 3851 510 3930 cassia,
539 3857 651 3913 tamen
676 3871 718 3913 ex
742 3849 905 3915 desiderio
929 3850 1113 3935 legatorum
1138 3851 1318 3936 prohibitio
1342 3852 1398 3916 illa
1421 3853 1501 3914 etiam

401 3946 554 4010 effectum
579 3945 727 4011 habebat
756 3970 814 4032 pro
837 3951 986 4034 tempore
1010 3952 1186 4034 praeterito
1218 3972 1257 4013 ac
1289 3971 1348 4035 pro
1381 3951 1419 4013 iis
1441 3947 1501 4009 Car·

402 4043 570 4107 dinalibus
610 4046 731 4129 quibus
770 4045 880 4131 plures
920 4047 1087 4112 dioeceses
1127 4069 1302 4111 concessae
1338 4055 1435 4111 erant.
1466 4075 1500 4087 -

476 4247 495 4306 ¹l
514 4248 548 4306 V.
567 4248 690 4302 Pallavic
716 4247 747 4305 L.
767 4249 844 4306 VIII.
864 4249 893 4304 C.
912 4249 961 4305 XI.
