3034 4894
423 482 463 535 Dc
483 480 572 535 initiis
591 481 900 548 pseudorefcrmationis.
1192 483 1226 536 31

100 628 257 712 quisitam
287 627 470 711 potentiam
498 626 612 710 dejici,
645 626 775 710 putavit
804 624 950 689 lenitatis
980 626 1125 690 fomento
1150 647 1227 689 eum

102 722 1224 809 mmmmLQdmmmmmMfflwfflfflfflmssffl

102 824 273 906 negotium
296 824 408 907 gessit.
437 824 527 907 Erga
551 821 736 884 Lutherum
760 823 849 884 enim
873 843 908 885 se
931 821 1071 886 viriliter
1094 821 1227 907 abjecit,

7 971 8 998 ἶ
100 931 133 983 et
172 942 249 984 cum
294 923 366 985 viro
408 930 477 984 tam
499 926 627 1004 'aperte
670 921 706 982 in
741 918 927 983 Ecclesiam
961 920 1084 984 rebelle
1121 921 1227 984 amice

102 1028 319 1082 conversatus
344 1028 404 1099 est,
430 1041 469 1082 ac
494 1039 651 1101 magnam
680 1016 721 1080 ob
755 1016 961 1102 praeclarum
993 1019 1165 1102 ingenium
1197 1029 1228 1081 et

99 1117 226 1180 famam
259 1117 404 1181 ostendit
426 1116 724 1196 admirationem.¹)
772 1115 943 1179 Tetzelum
974 1128 1085 1180 autem
1109 1119 1229 1180 acriter

99 1216 306 1302 objurgavit,
339 1239 378 1280 ac
409 1218 437 1279 si
468 1215 566 1300 culpa
594 1216 700 1300 ipsius
730 1213 847 1278 turbae
881 1213 956 1277 illae
987 1223 1077 1278 ortae
1110 1229 1227 1292 essent,

98 1336 139 1377 ac
156 1313 257 1378 falsos
271 1336 420 1378 rumores
437 1323 552 1377 contra
568 1334 645 1376 eum
662 1333 793 1397 sparsos
810 1312 1038 1397 imprudenter
1061 1302 1227 1396 recepit.”)

100 1413 252 1476 Moerore
284 1414 388 1476 animi
420 1411 590 1475 confectus
613 1409 767 1474 Tetaelus
800 1410 894 1474 brevi
927 1419 1000 1495 post
1023 1411 1147 1473 Pirnae
1176 1410 1229 1473 de·

97 1510 236 1574 functus
253 1521 312 1591 est,
337 1533 376 1574 ac
393 1532 513 1591 magna
529 1517 680 1594 exparte
697 1508 819 1594 cnlpae
829 1507 954 1594 Miltitii
970 1508 1228 1572 adscribendum

100 1608 252 1689 videtur,
289 1608 379 1693 quod
415 1610 514 1671 etiam
551 1606 706 1671 catholici
739 1617 906 1688 auctores,
942 1607 990 1670 uti
1024 1605 1227 1691 Rayualdus,

99 1708 216 1790 gravis
240 1707 364 1771 abusus
389 1709 424 1770 in
448 1705 699 1790 promulgandis
716 1704 933 1789 indulgentiis
948 1727 1024 1770 eum
1037 1707 1230 1790 putaverint

99 1826 207 1869 reum.
243 1805 381 1867 Interim
407 1826 485 1868 vero
503 1803 656 1867 Miltitius
681 1825 755 1866 cum
773 1803 919 1867 Luthero
944 1803 1055 1867 fictam
1080 1802 1230 1867 condidit

98 1923 237 1988 pacem3
263 1903 420 1966 convenit
437 1901 603 1983 videlicet,
628 1911 665 1964 ut
676 1900 844 1965 Lutherus
856 1901 1022 1965 silentium
1039 1900 1230 1965 observaret

98 2001 294 2085 pariterque
317 2000 501 2064 adversarii
515 2000 596 2084 ejus.
630 1998 728 2079 Quod
746 2000 825 2062 satis
849 2001 998 2085 ineptum
1022 2009 1101 2080 erat,
1126 2021 1228 2084 quum

99 2099 227 2183 scripta
263 2098 401 2162 Lutheri
436 2100 507 2184 jam
546 2097 669 2183 ubique
708 2119 833 2161 errores
871 2107 1071 2182 spargerent.
1127 2097 1230 2161 Dedit

100 2218 237 2282 quoque
251 2195 419 2259 Lutherus
444 2196 616 2280 epistolam
639 2195 682 2260 ad
699 2194 895 2259 Pontificem
921 2197 1031 2280 specie
1051 2195 1228 2277 humilem3

100 2293 161 2357 sed
186 2295 303 2357 eodem
328 2305 475 2379 tempore
500 2295 630 2379 scripsit
652 2292 840 2378 spalatino:
868 2295 992 2374 Nescia,
1017 2304 1122 2357 atrum
1136 2296 1230 2380 Papo

102 2394 146 2455 sit
169 2392 386 2456 Antichristus
411 2417 454 2456 oa
478 2391 643 2478 apostolus
667 2393 867 2456 Antichristi.

194 2491 249 2553 31.
297 2489 371 2554 Non
396 2491 453 2553 diu
488 2513 553 2574 pax
584 2489 640 2553 illa
671 2491 748 2553 licta
780 2511 878 2574 opere
902 2489 1028 2552 Miltitii
1053 2491 1231 2554 constituta
1250 2487 1386 2592 mztis?

103 2589 316 2674 perduravit3
341 2588 435 2652 brevi
453 2598 527 2673 post
551 2589 650 2667 enim3
675 2599 799 2651 aestate
823 2588 1017 2667 australe,
1043 2586 1157 2651 habita
1182 2597 1232 2650 est
1279 2563 1293 2600 p
1379 2576 1385 2590 ⁸

103 2685 245 2750 celebris
269 2687 457 2772 Disputatio
483 2687 659 2772 Lipsiensis
691 2688 776 2749 inter
799 2685 944 2749 Eckium
969 2707 1011 2748 ex
1034 2707 1101 2748 una
1124 2695 1228 2770 parte,

104 2808 141 2848 ac
177 2784 364 2848 Lutherum
408 2795 441 2848 et
476 2783 741 2849 Garolostadium
786 2782 971 2866 (Andream
1013 2782 1229 2863 Bodenstein)

106 2906 144 2946 ex
175 2881 282 2946 altera
315 2893 417 2967 parte.
466 2880 713 2947 Carolostadius
744 2890 858 2946 contra
882 2882 1027 2946 Eckium
1058 2884 1231 2967 opiniones

109 2979 246 3044 Lutheri
271 2983 382 3045 animo
406 2979 528 3044 acerbo
553 2979 757 3061 defenderat,
783 2990 814 3042 et
839 2981 923 3043 varii
947 2979 1049 3043 libelli
1075 2981 1230 3042 intereos

102 3078 171 3162 jam
207 3079 277 3142 dati
316 3090 425 3151 erant3
464 3078 654 3143 sollicitavit
684 3100 762 3141 vero
798 3077 943 3159 Eckius,
980 3087 1017 3140 ut
1051 3077 1230 3161 disputatio

105 3173 245 3261 publica
269 3198 311 3238 ex
335 3199 425 3240 more
449 3176 537 3241 illius
561 3177 679 3239 aetatis
703 3177 867 3240 intereos
892 3175 1076 3241 haberetur.
1118 3173 1230 3254 Quum

104 3275 254 3337 maxime
286 3273 327 3337 de
351 3274 489 3339 Lutheri
521 3276 651 3359 negotio
684 3284 845 3358 ageretur,
885 3276 1050 3352 convenit,
1089 3282 1127 3336 ut
1160 3274 1231 3358 ipse

105 3371 1232 3457 QmwmwmffifflwmmwmmAmm

105 3470 266 3534 videlicet
290 3493 330 3534 ex
355 3471 493 3557 epistola
516 3471 626 3551 Eckii,
652 3493 710 3555 per
732 3471 821 3534 hunc
837 3470 983 3534 Luthero
1008 3471 1231 3552 significatum

184 3705 203 3766 ι)
222 3700 360 3755 Lutherus
379 3703 437 3770 ipse
455 3702 550 3756 scribit
569 3702 603 3754 ad
621 3702 764 3756 Erasmum
782 3702 807 3756 d.
822 3702 846 3755 d.
867 3701 973 3754 2Febr.
995 3702 1077 3754 1519:
1099 3702 1166 3767 „Sed
1184 3718 1232 3770 per

106 3782 183 3836 riam
203 3797 221 3834 a
238 3782 353 3836 Domino
372 3788 532 3848 prostratus,
561 3782 589 3836 id
608 3787 650 3835 est
668 3782 844 3835 multitudine
863 3782 928 3835 mihi
947 3781 1098 3836 faventium
1117 3783 1231 3836 territus

103 3864 188 3930 juxta
206 3862 276 3927 qnod
295 3861 475 3916 curiosissime
494 3862 592 3928 ubique
611 3863 644 3916 de
662 3862 715 3916 mei
740 3862 865 3929 opinione
891 3863 1086 3931 exploraverat,
1112 3863 1232 3917 mutavit

107 3942 270 3996 violentiam
289 3941 317 3995 in
336 3942 576 3997 benevolentiam.“
615 3943 652 3995 Et
670 3942 705 3995 ad
723 3942 890 4009 Staupitium
909 3942 933 3998 d.
948 3943 970 3996 d.
992 3944 1027 3997 20
1039 3943 1130 3999 Febr:
1153 3943 1230 4008 „Can

110 4022 243 4076 Miltitius
268 4038 310 4077 me
333 4024 404 4077 vidit
423 4023 609 4091 Altenburgae
634 4028 808 4087 conquestus,
840 4024 910 4088 quod
938 4022 1027 4076 orbem
1052 4029 1141 4076 totum
1166 4023 1232 4077 mihi

108 4102 296 4170 conjunxerim
315 4109 343 4157 et
362 4104 452 4171 Papae
477 4103 663 4168 abstraxerim,
693 4143 753 4158 ...
780 4103 849 4168 quod
874 4103 947 4158 inter
973 4104 1091 4169 quinque
1109 4103 1230 4158 homines

109 4189 168 4236 tres
187 4188 237 4235 aut
254 4183 306 4235 duo
326 4184 372 4236 vix
391 4185 529 4238 Romanae
546 4183 620 4251 parti
640 4183 790 4238 faverent.“

182 4272 205 4340 ι”’)
225 4272 258 4325 V.
278 4272 368 4326 Grbne
387 4273 404 4330 l.
424 4290 445 4326 c.
464 4273 480 4342 ξ
500 4273 541 4330 13.
