3020 4908
366 423 407 478 De
425 421 643 478 Febronianismo
662 437 694 477 ac
712 422 744 478 de
762 421 968 490 Josephinismo.
1176 423 1230 478 423

106 565 285 651 burgensis
309 568 418 630 eidem
442 565 681 632 subordinavit.
722 565 817 631 Tunc
836 566 1076 653 archiepiscopi
1093 566 1229 651 Mogun:

102 666 199 729 tinus
216 666 405 730 Fridericus
422 665 462 730 de
474 663 599 747 Erthal,
615 665 823 728 Trevirensis
836 663 990 730 Clemens
1003 664 1229 748 Wenceslaus,

104 761 316 828 Coloniensis
347 763 598 828 Maximilianus
628 763 768 848 Josephi
791 763 824 827 II
855 763 970 848 frater,
1007 772 1039 828 et
1070 761 1230 832 Salisburr

102 863 220 945 gensis
237 861 462 946 Hieronymus
480 860 662 944 Colloredo,
688 854 729 925 de
748 861 991 946 jurisdictionis
1007 883 1085 926 suae
1104 863 1230 924 restric-

105 961 200 1023 tione
223 959 313 1044 apud
336 961 573 1045 Imperatorem
598 955 770 1045 conquesti
798 959 869 1046 ejus
892 957 1058 1026 auxilium'
1079 960 1230 1044 implora·

105 1065 196 1121 runt.
242 1058 427 1142 Imperator
449 1079 515 1122 non
541 1056 646 1121 solum
670 1056 833 1121 auxilium
857 1079 953 1121 suum
982 1054 1154 1141 pollicitus,
1172 1063 1229 1142 est,

104 1177 226 1218 verum
262 1157 362 1219 etiam
397 1154 553 1240 praelatis
587 1155 652 1219 illis
688 1155 951 1236 commendavit,
994 1163 1030 1218 ut
1058 1155 1136 1241 jura
1155 1177 1230 1219 sua

106 1253 310 1338 (praetensa)
334 1263 449 1317 contra
473 1253 592 1319 Sedem
616 1252 827 1316 Pontificiam
851 1252 1079 1333 vindicarent3
1105 1254 1231 1320 interea

106 1371 188 1413 vero
212 1349 346 1414 Nuntiis
368 1351 571 1436 Apostolicis
601 1353 636 1416 in
660 1348 841 1415 Germania
865 1372 962 1415 omne
987 1351 1230 1436 jurisdictionis

105 1449 305 1511 exercitium
329 1449 512 1516 interdixit.

199 1544 252 1612 59.
299 1547 489 1611 Patrocinio
504 1547 717 1632 Imperatoris
741 1544 867 1610 suffulti
892 1556 1033 1631 quatuor
1056 1546 1103 1610 illi
1126 1546 1230 1611 archi·

105 1643 257 1729 episcopi
288 1666 375 1709 anno
408 1645 495 1710 1786
526 1645 569 1708 ad
599 1667 702 1730 aquas
733 1645 910 1708 Emsenses
941 1643 1107 1729 delegatos
1138 1647 1231 1709 mise.-

105 1751 200 1828 runt,
237 1745 326 1828 iique
350 1743 483 1807 nomine
513 1764 626 1806 eorum
662 1742 875 1806 confecerunt
898 1743 1135 1806 mactationem
1158 1743 1229 1807 Em·

104 1862 238 1919 seusam,
263 1842 383 1926 viginti
403 1841 509 1905 tribus
532 1840 680 1905 articulis
704 1839 987 1926 comprehensam,
1011 1839 1133 1926 quibus
1147 1840 1230 1905 Pon·

104 1937 208 2002 tificis
232 1942 461 2004 auctoritatem
479 1950 647 2004 coarctare
671 1939 874 2005 nitebantur.
913 1941 953 2003 In
977 1940 1018 2002 iis
1033 1940 1138 2003 instar
1160 1939 1231 2003 fun·

106 2035 256 2100 damenti
281 2038 483 2118 statuebant,¹
518 2036 687 2102 Christum
710 2036 879 2122 Apostolis
903 2059 1081 2122 eorumque
1106 2059 1231 2101 succes-

105 2133 239 2198 soribus
263 2138 427 2221 episcopis
458 2136 636 2200 immediata
660 2137 844 2200 concessisse
875 2133 1072 2199 illimitatam
1089 2145 1231 2221 potesta·

105 2242 168 2293 tem
192 2230 318 2317 lipandi
338 2245 367 2297 et
381 2235 523 2298 solvendi
542 2257 603 2322 pro
623 2257 809 2321 quocumque
823 2256 899 2298 casu
917 2244 946 2297 et
958 2256 1109 2320 persona.
1147 2233 1231 2298 Inde

105 2329 534 2414 deducebant,·recursum
559 2333 602 2396 ad
626 2333 810 2396 Romanam
834 2331 954 2396 Sedem
979 2354 1052 2396 esse·
1072 2331 1231 2414 abrogan-

106 2426 207 2508 dam,
247 2430 418 2515 episcopos
450 2433 583 2516 propria
616 2431 812 2500 auctoritate
845 2429 1037 2515 dispensare
1069 2452 1163 2515 posse
1196 2432 1231 2494 in

105 2523 264 2590 omuibus
297 2526 428 2592 casibus
463 2545 544 2614 quos
579 2551 658 2606 usus
682 2527 894 2613 Apostolicae
925 2526 1004 2593 Sedi
1025 2535 1229 2609 reservarat,

107 2623 158 2684 uti
183 2623 217 2686 in
241 2625 488 2709 impedimentis
509 2627 759 2696 matrimonium
783 2624 1015 2690 dirimentibus
1039 2634 1070 2689 et
1094 2626 1129 2689 in
1145 2626 1231 2689 votis

107 2718 323 2805 solemnibus,
349 2723 491 2810 ideoque
514 2723 689 2789 facultates
713 2724 976 2809 quinquennales
998 2745 1070 2806 non,
1089 2718 1231 2808 amplius

105 2840 128 2880 a
153 2817 316 2884 Pontifice
349 2844 418 2886 esse
452 2822 613 2907 petendas
646 2833 678 2886 et
711 2821 973 2906 dispensationes
1005 2842 1231 2906 quascumque

107 2915 152 2980 ab
184 2919 337 3005 episcopo
370 2921 543 2984 ordinario.
568 2942 637 2984 esso
669 2918 908 2986 concedendas.
956 2918 1231 3001 DecretaPonti

107 3014 186 3078 ficia
218 3017 287 3079 sine
321 3019 467 3103 episcopi
498 3040 660 3082 consensu
690 3040 752 3082 nec
784 3016 1027 3104 promulganda
1058 3039 1129 3102 nea,
1152 3015 1230 3080 obli-

106 3113 237 3194 gatoria
254 3134 324 3178 esse
342 3114 512 3197 habenda3
533 3116 751 3179 Nuntiaturas
769 3137 838 3179 esso
855 3115 987 3200 penitus
1003 3113 1230 3198 abrogandasq

108 3207 290 3274 abolendas
315 3214 414 3276 etiam
439 3215 666 3298 exemptiones
690 3215 979 3295 monasteriorum,
1013 3213 1078 3294 nisi
1098 3211 1143 3296 ab
1167 3211 1230 3276 Im·

107 3318 265 3393 peratore
277 3311 505 3395 confirmatas3
530 3311 730 3377 abolendum
748 3334 879 3397 quoque
897 3313 1125 3398 jurameutum
1141 3310 1230 3395 quod

108 3408 256 3493 episcopi
281 3410 436 3474 Pontifici
459 3418 644 3495 praestant3
670 3411 703 3473 in
728 3409 879 3495 pluribus
902 3409 976 3473 aliis
999 3410 1131 3493 punctis
1157 3431 1231 3486 con3

108 3506 314 3570 stitutionem
339 3508 509 3572 Ecclesiae
533 3505 733 3572 Germaniae
764 3529 833 3572 esse
857 3506 1102 3584 reformandam
1134 3505 1230 3570 vela

108 3602 269 3667 nationali
294 3603 442 3670 Concilio
476 3604 530 3670 vel
553 3588 722 3688 Impeiiali
746 3606 946 3690 provisione.
974 3641 1010 3652 -
1041 3604 1230 3690 Archiepis·¹

108 3702 184 3785 copi
209 3700 256 3764 illi
280 3701 340 3766 has
363 3705 603 3789 propositiones
626 3703 862 3788 approbarunt,
887 3713 919 3766 et
934 3701 977 3766 ad
993 3705 1230 3787 Imperatorem

108 3798 294 3884 Josephum
318 3801 368 3882 II,
404 3811 441 3865 ut
471 3823 526 3865 eas
548 3799 776 3882 confirmaret,
813 3801 984 3865 miserunt.
1031 3800 1107 3873 sed,
1128 3821 1230 3887 quum

109 3899 294 3982 Imperator
326 3900 544 3964 dominationi
578 3899 628 3972 sui
661 3898 815 3982 gubernii
844 3896 953 3962 civilis
985 3900 1019 3962 in
1044 3897 1230 3977 Ecclesiam

108 3995 269 4078 inhiaret,
293 4019 410 4082 parum
435 4018 513 4060 vero
539 3995 697 4060 sollicitus
721 4005 805 4060 esset
829 3995 870 4059 de
893 3995 1054 4078 augenda¹
1070 4004 1230 4080 potestate

109 4093 330 4181 praelatorum
355 4097 411 4181 qui
436 4104 530 4158 extra
554 4115 613 4157 sua
636 4114 739 4177 regna
763 4093 929 4158 dioeceses
953 4115 1028 4157 suas
1052 4082 1231 4174 habebant,

109 4203 241 4280 praeter
272 4190 674 4279 exspectationem-hanc
706 4213 775 4254 rem
804 4193 914 4255 minus
946 4192 1122 4276 promovit.
1168 4189 1230 4253 Rc·

1260 567 1381 606 Punctatic

1257 629 1382 668 Emssnsis.
