3288 4900
491 507 607 561 concilii
624 507 755 575 periodus
774 507 867 562 tertia.
1190 511 1243 564 tae

135 672 207 734 quae
230 673 270 714 eu
294 661 387 735 parte
405 649 583 715 Craterum
607 653 641 714 in
660 649 809 716 Concilio
834 663 924 716 ortae
950 664 1036 735 eunt,
1061 654 1118 717 sed
1144 655 1243 718 etiam

134 748 262 834 reliquas
287 749 400 814 turbas
424 751 495 833 ipse
519 748 708 814 nullatenus
732 760 828 816 tacet.
876 749 937 814 Illa
968 762 1078 814 autern
1104 751 1242 816 difficul-

134 857 224 910 tatum
257 869 358 911 causa
391 832 500 910 nbstro
532 857 681 932 tempore
712 846 753 910 ob
788 857 930 913 mutatas
957 848 1134 913 relationes
1158 849 1244 912 inter

91 939 94 948 ’
133 945 281 1028 gubernia
303 956 338 1008 ¹et
359 943 545 1010 Ecclesiam
581 946 649 1009 fere
672 944 784 1009 ablata
808 956 888 1010 erat.
935 948 990 1010 Ex
1013 946 1116 1011 altera
1140 957 1242 1032 parte,

134 1044 178 1126 qui
208 1051 333 1108 attento
358 1043 469 1108 auimo
501 1065 553 1106 res
577 1042 774 1124 considerat,
807 1044 1061 1122 animadvertet,
1094 1043 1243 1110 Concilio

133 1139 282 1206 Vaticano
319 1141 531 1204 incommoda
562 1151 633 1204 orta
665 1161 735 1206 esse
767 1163 809 1204 ex
840 1141 914 1206 aliis
945 1141 1126 1226 adjunctis,
1158 1164 1243 1228 quae

134 1248 264 1323 tempore
281 1237 497 1304 Tridentinae
513 1238 640 1322 Synodi
665 1241 775 1304 minus
789 1241 996 1324 existebant,
1022 1261 1048 1306 e.
1074 1262 1103 1325 g.
1131 1263 1173 1304 ex
1196 1243 1243 1305 in·

136 1335 266 1402 laenate
290 1335 426 1400 licentia
450 1336 626 1403 scribendi.

206 1435 259 1498 99.
295 1431 461 1498 Convenit
485 1437 585 1498 etiam
609 1434 672 1498 hoc
696 1435 766 1498 loco
791 1456 898 1520 pauca
917 1456 1177 1500 commemorare
1201 1436 1242 1501 de
1299 1447 1348 1476 ¹⁸⁰

134 1529 315 1596 Oratoribus
340 1529 521 1613 Gallorum,
556 1534 612 1617 qui
644 1532 686 1597 ad
713 1530 900 1596 Concilium
932 1554 1062 1599 venere.
1110 1534 1242 1598 Primus

133 1629 237 1694 Orator
260 1629 379 1695 Gallus
401 1629 596 1694 Ludovicus
621 1629 661 1694 de
685 1630 816 1694 Lansac
839 1629 1030 1694 solemniter
1046 1631 1242 1698 Tridentum

130 1728 285 1812 ingressus
310 1737 359 1792 est
382 1727 437 1791 die
461 1727 521 1792 28⁰
544 1727 624 1792 Maii
649 1751 677 1792 a.
704 1727 801 1810 1562,
826 1737 858 1791 et'
882 1728 980 1813 paulo
1005 1739 1078 1814 post
1101 1729 1243 1795 advene-

131 1835 197 1888 runt
219 1827 394 1890 Ferrarius
426 1824 580 1912 (Renaud
613 1825 654 1890 de
677 1825 819 1906 Ferrier)
851 1834 885 1890 et
909 1826 1019 1891 Faber
1043 1827 1169 1907 (Guide
1199 1829 1245 1896 du

130 1921 232 2004 Faur).
281 1923 414 1988 Lansac
453 1944 491 1986 co
529 1923 669 1987 advenit
707 1925 818 1986 animo
856 1946 972 2008 parum
1013 1926 1048 1988 in
1073 1925 1244 1992 Pontificis

130 2023 349 2086 auctoritatem
380 2041 554 2106 propenso,
586 2030 627 2101 et,
660 2041 762 2105 quum
787 2021 938 2086 Tridenti
970 2024 1080 2086 statim
1110 2045 1244 2088 conver-

130 2128 209 2183 satus
232 2127 320 2184 esset
344 2141 420 2182 cum
449 2118 574 2204 aliquot
604 2117 820 2203 praesulibus,
855 2121 912 2204 qui
943 2129 1090 2185 recentes
1121 2121 1243 2187 dissen-

130 2219 225 2282 siones
249 2241 291 2282 ac
315 2239 423 2280 moras
448 2216 489 2280 de
504 2217 683 2280 residentia
707 2219 936 2303 episcoporum
952 2218 1147 2303 permoleste
1163 2221 1244 2284 fere-

87 2335 88 2358 2
130 2314 209 2400 bant,
237 2317 311 2402 jam
337 2316 488 2400 proximo
512 2324 586 2400 post
610 2337 707 2378 surum
731 2315 915 2379 adventum
951 2317 1004 2380 die
1033 2329 1244 2404 praepostera

87 2411 88 2498 ]
129 2413 340 2494 festinatione,
373 2415 478 2496 magis
503 2411 656 2478 credulus
680 2433 779 2497 quarn
805 2422 932 2494 cautus,
964 2412 1089 2480 litteras
1114 2419 1246 2502 scripsit

130 2511 164 2576 ad
186 2513 360 2580 Oratorem
387 2510 516 2576 Calliae
539 2511 664 2576 Romae
689 2511 873 2594 degentem,
905 2533 1045 2597 quarum
1069 2513 1151 2577 haec
1175 2524 1245 2579 erat

130 2617 268 2674 summa:
294 2613 370 2674 Duo
395 2609 438 2674 ad
451 2631 645 2694 prosperum
664 2607 804 2674 Consilii
829 2630 1039 2694 progressum
1056 2632 1139 2696 opus
1155 2633 1243 2695 esse3

130 2707 271 2790 alterum,
296 2707 344 2786 (et
366 2707 429 2772 hoc
452 2706 658 2772 tolerabilius
682 2716 752 2771 erat
774 2727 887 2771 secum
912 2706 1048 2775 allatum
1065 2730 1108 2772 ex
1124 2709 1243 2791 Callia,

132 2829 184 2872 non
208 2805 364 2872 Tridenti
388 2807 601 2890 susceptum),
627 2825 671 2870 ne
693 2806 990 2891 praecipitarentur
1014 2805 1156 2888 decreta,
1186 2808 1244 2871 sed

134 2906 377 2987 retardarentur,
403 2903 509 2968 donec
524 2904 715 2968 remotiores
731 2903 846 2967 Patres
861 2903 1085 2970 advenissent.
1110 2904 1244 2970 Eltenim

136 3004 267 3088 episcopi
285 2999 374 3066 Calli
398 3002 486 3065 intra
510 3000 593 3066 duos
617 3010 726 3064 tresve
750 3022 878 3064 menses
894 2999 961 3064 illic
976 3001 1124 3066 adfuturi
1141 3013 1243 3084 erant,

132 3104 177 3185 qui
207 3097 409 3166 tumultibus
440 3099 474 3162 in
505 3100 692 3184 praesentia
724 3097 967 3164 detinebantur.
1015 3099 1177 3182 Alterum,
1209 3109 1246 3165 ut

132 3199 279 3267 Pontifex
308 3195 495 3262 libertatem
520 3197 655 3281 Synodo
686 3195 896 3282 relinqueret,
935 3196 1089 3284 idemque
1122 3198 1193 3263 fieri
1226 3220 1246 3261 a

130 3295 238 3381 legatis
249 3296 393 3383 juberet.
423 3295 489 3358 Hic
505 3316 583 3358 vero
600 3294 727 3358 dictum
752 3293 834 3358 illud
858 3294 994 3378 protulit
1019 3295 1108 3380 qnod
1132 3305 1245 3380 postea

130 3417 179 3478 per
210 3419 267 3460 ora
299 3392 390 3477 vulgi
420 3392 624 3478 percrebuit,
663 3391 727 3456 hoc
759 3401 823 3472 est,
861 3413 900 3454 ac
928 3393 1082 3472 Pontifca
1110 3395 1246 3457 mitteret

130 3491 278 3580 Spiritum
302 3501 445 3557 sanctum
467 3492 502 3556 ia
519 3489 682 3554 tabellarii
704 3490 853 3555 mantica.
893 3487 1054 3554 Similiter
1067 3513 1109 3554 ne
1125 3493 1246 3556 sineret

129 3591 246 3656 Romae
278 3589 453 3655 calumniis
477 3590 544 3674 peti
569 3588 657 3674 quod
682 3589 717 3652 iu
741 3586 876 3670 Synodo
900 3587 1018 3652 fuisset
1040 3590 1244 3673 propositum

129 3713 164 3752 ac
194 3691 368 3770 sancitum,
401 3686 683 3773 quemadmodum
715 3685 867 3750 audierat
898 3687 1075 3769 contigisse
1105 3685 1244 3750 articulo

129 3790 303 3854 mansionis
341 3789 397 3872 qui
429 3785 496 3850 sole
528 3784 647 3849 clarior
683 3783 828 3869 patebat.
858 3821 901 3832 -
927 3784 1002 3848 Ista
1033 3783 1075 3848 ab
1107 3783 1245 3849 Oratore

129 3883 239 3952 leviter
253 3887 394 3950 Romam
418 3884 637 3968 transscripta·
655 3905 674 3946 a
691 3881 896 3946 Pallavicino
920 3881 1027 3946 fusius
1049 3882 1243 3946 refutantur.

130 3981 191 4048 Sed
213 4007 279 4050 nou
303 3991 402 4048 vacat
425 3981 467 4046 de
491 3981 582 4044 hisce
607 3979 704 4044 modo
730 3980 905 4061 disserere3
931 4001 972 4042 cx
988 3980 1028 4042 iis
1047 3999 1132 4064 quae
1156 3977 1245 4042 dicta

130 4092 201 4146 sunt
221 4083 320 4148 facile
342 4081 572 4146 accusationes
594 4078 757 4163 ejusmodi
781 4062 885 4142 refelli
909 4085 1057 4162 possunt.

215 4179 288 4246 100.
313 4178 348 4244 Si
364 4180 515 4244 animum
539 4177 674 4263 quidem
690 4198 732 4240 ex
748 4185 842 4260 parte
858 4184 1048 4259 corruptum
1064 4197 1084 4236 a
1100 4173 1246 4258 politicis

132 4273 252 4342 Calliae
274 4275 427 4342 Tridenti
457 4285 600 4359 gesserat
624 4275 804 4354 Lansacus,
835 4275 895 4336 etei
927 4273 1032 4356 magis
1064 4270 1131 4334 illic
1161 4270 1246 4334 male

183 4393 319 4444 Jungmann,
333 4393 521 4432 Dissertationes.
537 4392 603 4430 Tem.
618 4390 669 4431 VII.
1033 4376 1067 4430 10
