3034 4894
404 505 444 558 De
462 507 659 574 propagatione
678 507 908 566 Protestantismi.
1113 562 1117 570 ,
1183 509 1221 564 51

95 649 200 713 donec
225 649 280 713 die
305 649 365 712 19⁰
380 649 581 714 Novembris
606 673 705 734 opera
729 652 833 734 ipsius
857 649 1008 734 Pompeii
1034 649 1217 716 Columnae

95 747 203 812 Julius
227 748 262 810 in
285 746 483 810 Pontificem
508 748 632 811 electus
656 757 714 830 est,
739 750 796 833 qui
824 746 991 813 Clementis
1013 749 1079 813 VII
1096 749 1387 851 nomen‘lfssfflg'VH

94 847 249 931 suscepit.
301 841 482 909 Clementis
514 847 581 909 VII
620 855 715 930 pater
748 846 811 909 fuit
841 846 996 926 Julianus
1027 847 1218 911 Medicaeus
1291 841 1296 851 ¹
1332 839 1338 852 ’

94 945 149 1028 qui
173 945 210 1007 in
234 942 463 1027 conjuratione
487 944 683 1007 Pazziorum
718 945 847 1006 occisus
871 954 936 1025 est3
976 954 1073 1008 natus
1107 954 1218 1008 autem

93 1052 141 1106 eet
165 1041 322 1106 Clemens
351 1038 447 1104 brevi
471 1051 546 1126 post
570 1041 697 1105 obitum
721 1043 824 1126 patris
856 1064 898 1104 ex
920 1040 1052 1106 Floreta
1083 1043 1218 1124 femina,

92 1162 167 1204 cum
209 1163 275 1225 qua
308 1138 475 1204 occultum
511 1141 759 1204 matrimonium
793 1139 949 1204 Julianus
982 1142 1140 1222 inierat1)
1188 1139 1219 1203 A

92 1239 206 1302 Leone
230 1241 428 1305 consobrino
460 1260 518 1301 suo
544 1236 731 1301 Cardinalis
763 1247 902 1318 creatus,
935 1237 970 1300 in
994 1240 1136 1322 negotiis
1166 1261 1219 1322 ge·

92 1337 205 1400 rendis
229 1339 293 1422 ipsi
318 1338 459 1402 multum
484 1336 601 1415 adfuit,
636 1358 675 1398 ao
704 1336 900 1420 prudentiae
925 1337 1064 1422 insignis
1088 1347 1120 1404 et
1144 1359 1218 1400 con·

92 1437 234 1500 stantiae
257 1436 391 1501 laudem
417 1437 547 1499 meruit.
578 1434 644 1499 Sed
669 1436 883 1520 pontificatus
907 1436 979 1520 ejus
1003 1437 1112 1498 minus
1136 1433 1219 1498 felix

91 1533 163 1615 fuit,
205 1543 238 1597 et
277 1535 431 1620 quamvis
456 1531 609 1596 Clemens
647 1532 764 1616 legatis
797 1535 832 1596 in
857 1533 1071 1597 Germaniam
1112 1532 1219 1595 missis

92 1630 239 1694 haeresis
273 1632 532 1696 Protestantium
576 1630 804 1694 dilatationem
848 1631 1011 1716 impedire
1048 1633 1217 1712 niteretur,

91 1731 199 1812 magis
223 1732 396 1815 magisque
419 1738 531 1792 tamen
556 1729 627 1814 ejus
651 1738 759 1792 aetate
783 1730 1074 1794 Protestantismus
1103 1750 1218 1813 propa·

90 1835 188 1909 gatus
213 1837 271 1893 est.
320 1827 441 1911 Magno
467 1836 553 1889 certe
578 1826 776 1890 detrimento
807 1828 892 1910 fuit,¹
912 1827 1000 1912 quod
1026 1826 1164 1890 Carolus
1188 1825 1218 1888 V

92 1946 150 2008 per
174 1934 301 2010 septem
325 1946 439 2005 annos,
465 1922 646 1988 Germania
670 1925 794 2006 relicta,
827 1927 862 1988 in
886 1925 1052 2010 Hispania
1075 1941 1218 1988 versare:

90 2031 154 2086 tur.
203 2023 352 2086 Dissidia
383 2024 620 2106 Imperatorem
652 2025 738 2087 inter
768 2033 800 2086 et
832 2023 1035 2087 Clementem
1065 2023 1132 2086 Vll
1165 2021 1219 2085 ob·

90 2119 257 2183 ¹staoulum
282 2121 425 2202 fuerunt,
458 2122 635 2204 quominus
658 2123 843 2185 necessario
873 2144 948 2186 oum
972 2124 1087 2206 vigore
1109 2120 1220 2184 Prote·

90 2220 288 2282 stantismus
311 2220 561 2303 reprimeretur3
596 2220 807 2284 excusandus
836 2231 948 2284 tamen
979 2231 1028 2283 est
1051 2220 1217 2310 Pontifex,

96 2319 154 2402 qui
179 2338 220 2378 ex
238 2317 342 2380 nimia
358 2317 569 2401 Imperatoris
589 2309 893 2403 praeponderantia
904 2317 1053 2404 pericula
1068 2317 1216 2401 timebat,

93 2437 134 2478 ac
148 2424 325 2500 propterea
342 2416 466 2499 passim
484 2415 554 2500 ejus
571 2415 701 2478 aemulo
717 2417 895 2480 Francieco
913 2418 929 2479 I
953 2414 1125 2480 Gallorum
1148 2417 1217 2499 regi

90 2511 239 2576 favebat.
287 2511 472 2576 Occasione
504 2511 634 2575 illorum
667 2513 878 2577 dissidiorum
911 2537 939 2578 a.
967 2513 1052 2577 1527
1085 2513 1218 2594 accidit,

94 2619 130 2673 ut
145 2611 253 2673 inscio
271 2610 476 2695 Imperatore
502 2612 617 2694 copiae
646 2611 716 2695 ejus
740 2635 760 2675 a
784 2612 869 2674 duce
884 2612 1094 2675 Bourbonico
1120 2613 1175 2697 qui
1199 2634 1218 2674 a

93 2708 308 2772 FranciscoI
333 2708 499 2771 defecerat
523 2719 638 2771 contra
654 2709 793 2772 Romam
824 2709 1033 2776 ducerentur.
1072 2709 1218 2773 Bourbo·

91 2808 188 2869 nicus
213 2807 351 2892 quidem
375 2807 408 2869 in
434 2807 681 2890 expugnatione
706 2809 834 2870 occisus
857 2808 929 2887 fuit,
963 2807 1019 2871 sed
1045 2809 1159 2891 copiae
1183 2807 1218 2868 in

96 2905 221 2970 Urbem
254 2907 453 2990 irruperunt,
494 2904 642 2990 talesque
681 2906 885 2970 calamitates
918 2916 988 2969 tum
1012 2906 1117 2969 Roma
1149 2927 1218 2989 per·

94 3025 188 3086 pessa
214 3012 272 3085 cst,
298 3003 412 3087 quales
436 3024 497 3065 neo
520 3012 669 3087 tempore
693 3003 878 3068 Gothorum
903 3005 1103 3069 acciderant.
1136 3005 1218 3067 Pon-

95 3102 176 3164 tifex
202 3101 238 3163 in
263 3102 400 3164 summis
423 3102 586 3184 angustiis
610 3123 669 3186 per
693 3111 817 3186 septem
842 3125 971 3166 menses
996 3103 1148 3186 captivus
1172 3125 1218 3165 re-

92 3207 203 3260 tentus
235 3207 292 3280 est,
327 3199 432 3261 donec
465 3208 589 3262 mutato
622 3199 740 3262 habitu
764 3200 958 3285 perfugam
984 3221 1053 3263 sese
1087 3201 1217 3284 eripuit.

93 3295 166 3358 Pax
197 3305 308 3358 tamen
342 3298 427 3360 inter
451 3297 687 3381 Imperatorem
719 3308 751 3360 et
774 3297 970 3362 Pontificem
999 3321 1028 3361 a.
1056 3298 1141 3362 1529
1171 3320 1218 3360 re·

91 3396 210 3456 stituta
234 3403 292 3474 est,
317 3403 350 3455 et
372 3415 459 3457 anno
484 3397 635 3480 sequenti
661 3393 813 3458 Clemens
835 3397 902 3459 VII
926 3397 1098 3459 coronavit
1122 3393 1218 3459 Caro-

90 3490 162 3554 lum
196 3490 228 3552 V
268 3491 406 3554 solemni
441 3493 507 3554 ritu
543 3493 577 3554 in
612 3494 861 3578 Imperatorem.
915 3495 969 3558 Ex
1003 3495 1130 3576 ingenti
1163 3493 1218 3557 illa

93 3587 197 3652 Urbis
223 3587 410 3652 calamitate
435 3589 469 3652 id
487 3590 569 3653 forte
586 3591 665 3654 boni
682 3594 845 3675 provenit,
871 3601 908 3655 ut
923 3593 1018 3655 multi
1043 3592 1218 3662 vehemen-

88 3689 158 3748 tius
183 3685 226 3748 ad
250 3687 517 3750 reformationem
542 3698 701 3769 sanctam,
738 3691 964 3774 eximiumque
995 3690 1159 3753 fervorem
1182 3691 1215 3753 in

89 3805 127 3846 re
152 3782 308 3866 religiosa
331 3785 592 3866 incitarenru1·.2)

169 4051 189 4116 ¹)
209 4048 264 4102 Cfr.
284 4049 496 4104 declarationem
514 4052 660 4105 solemnem
678 4053 776 4106 Leonis
797 4055 821 4106 X
839 4060 901 4122 post
920 4060 1076 4108 accuratum
1096 4054 1128 4108 de
1147 4053 1216 4109 Julii

94 4129 232 4183 natalibus
251 4145 363 4183 examen
381 4130 491 4195 editam,
512 4146 553 4197 ap.
574 4132 661 4184 Balan
680 4134 855 4187 Monumenta
872 4135 910 4192 ΙΙ,
930 4137 988 4189 570,

167 4212 189 4276 ¹¹)
209 4209 267 4274 „En
286 4209 440 4262 detruisant
458 4211 529 4263 leurs
549 4219 654 4265 centres
673 4213 705 4266 de
725 4214 837 4268 reunion
857 4216 881 4268 le
910 4232 955 4270 sao
979 4218 1012 4269 de
1030 4218 1115 4272 Rome
1140 4219 1217 4273 avait

96 4293 172 4355 porte
198 4306 260 4367 aux·
279 4289 445 4344 humanistes
471 4291 496 4344 le
524 4292 631 4345 dernier
656 4309 730 4361 ooup.
775 4294 885 4363 Obliges
910 4297 942 4350 de
967 4297 1090 4362 s’enfuir,
1123 4299 1158 4354 ile
1188 4315 1217 4353 se

1038 4389 1075 4440 4*
