2964 4912
311 455 364 508 310
711 453 769 508 XL.
806 453 846 507 De
864 453 1043 510 Jansenismo.

313 619 333 659 a
362 596 423 660 Pio
448 597 498 660 VI
530 597 730 682 profectam,
766 596 1041 682 pseudoepiscopi
1078 597 1124 660 illi
1158 597 1285 662 litteras
1318 598 1419 662 adhae-

314 695 414 758 sionis
439 693 482 758 ad
499 693 688 778 Scipionem
707 693 802 758 Ricci
825 693 997 775 dederunt,
1023 694 1172 779 adeoque
1189 695 1419 760 Jansenismun

314 813 410 856 suum
434 801 547 878 aperte
571 793 681 854 testati
705 801 791 857 sunt.
838 793 938 856 Anno
964 791 1049 856 1826
1074 792 1219 856 Nuntius
1242 792 1422 856 Pontificius

143 888 441 991 Sfg”³:322ss⁰·Nazalli
473 899 611 953 conatus
642 899 690 952 est
713 889 971 976 Ultrejectenses
1002 889 1231 954 schismaticos
1262 891 1421 971 adducere,

186 1014 258 1052 nasa.
313 998 350 1051 ut
373 1010 408 1051 se
437 987 669 1052 submitterent
691 987 878 1069 Ecclesiae,
911 987 1059 1073 nihilque
1083 988 1174 1054 aliud
1199 990 1290 1072 exigi
1322 989 1360 1052 iis
1381 988 1421 1051 de·
1461 1025 1462 1030 κ

313 1083 463 1163 claravit,
488 1086 552 1148 nisi
569 1095 605 1147 ut
622 1082 882 1150 Constitutiones
898 1085 1085 1150 Innocentii
1101 1085 1150 1165 X,
1169 1084 1352 1150 Alexandri
1366 1084 1420 1148 VH

313 1192 344 1245 ct
369 1180 549 1246 Clementis
573 1182 631 1246 XI
655 1183 876 1268 (Uar'peae'tus)
908 1205 990 1270 pure
1015 1192 1047 1246 et
1070 1181 1265 1268 simpliciter
1289 1183 1422 1247 admitte·

312 1289 394 1344 rent.
434 1279 500 1344 Sed
525 1279 735 1344 declinarunt
758 1280 962 1344 schismatici
979 1280 1142 1365 ejusmodi
1163 1281 1423 1360 submissionem

312 1377 571 1442 Declaratioaem
602 1387 714 1442 autem
745 1378 786 1443 de
810 1381 953 1463 peractis
982 1380 1016 1442 in
1042 1380 1103 1442 isto
1128 1380 1260 1462 negotio
1293 1378 1422 1463 publica·

311 1485 388 1538 runt
412 1497 454 1539 ex
478 1498 568 1540 more
592 1475 860 1540 Jansenistcrum
884 1476 1059 1540 subdolam
1084 1485 1116 1540 et
1139 1476 1342 1561 ambiguam.
1379 1476 1424 1540 Sic

311 1597 339 1637 c.
352 1594 383 1656 g.
410 1572 630 1656 declararunt,
655 1596 689 1638 se
713 1574 891 1660 reprobare
915 1576 1063 1660 quinque
1088 1577 1329 1659 propositiones
1352 1594 1425 1659 quae

305 1671 601 1757 praetendebantur
632 1695 702 1736 esse
725 1675 760 1738 in
785 1673 962 1757 Aupustiao
985 1673 1157 1754 Jansenii3
1193 1671 1326 1736 Bullam
1358 1691 1425 1733 vero

316 1770 501 1854 Usipeaitus
534 1793 706 1856 nunquam
731 1773 766 1834 in
790 1771 854 1836 illis
878 1772 1061 1857 provinciis
1094 1780 1303 1857 acceptatam
1326 1771 1423 1848 fuisse,

312 1889 349 1931 eo
374 1867 464 1952 quod
495 1869 566 1932 sine
589 1867 717 1932 Placete
741 1868 896 1952 gubernii
929 1869 1110 1954 publicatio
1135 1879 1167 1932 et
1190 1869 1342 1932 executio
1364 1867 1425 1952 ejus

312 1965 382 2029 fieri
407 1987 474 2029 non
497 1969 642 2050 potuerit
665 1975 697 2032 et
720 1968 846 2031 severis
869 1968 986 2053 poenis
1011 1967 1188 2031 interdicta
1211 1967 1321 2030 fuerit.

402 2063 476 2129 103.
518 2063 661 2144 Quando
693 2073 805 2128 autem
836 2065 916 2128 Pius
946 2065 997 2130 IX
1033 2088 1061 2130 a.
1096 2064 1182 2128 1853
1213 2062 1422 2127 hierarchiam

313 2160 511 2226 Hollandiae
535 2163 688 2246 restitnit,
712 2163 925 2227 Jansenistae
949 2161 997 2226 illi
1022 2186 1055 2226 se
1079 2161 1269 2226 nullatenus
1294 2160 1421 2245 subjece-

311 2267 404 2338 runt3
430 2269 463 2323 et
487 2269 685 2344 congregato
710 2259 862 2326 Concilio
886 2260 1069 2341 Vaticano,
1094 2261 1218 2344 pariter
1242 2261 1277 2323 in
1302 2281 1358 2322 sua
1379 2257 1423 2321 ob·

313 2358 489 2421 stinatione
512 2368 776 2443 perseverarunt.
815 2361 898 2422 Post
916 2357 1057 2424 Concilii
1083 2358 1334 2443 suspensionem
1357 2377 1422 2419 vero

314 2457 580 2520 communionem
604 2458 752 2521 inierunt
777 2478 853 2520 cum
878 2457 1036 2541 apostatis
1060 2453 1273 2534 Germaniae,
1299 2474 1419 2541 quorun

313 2552 615 2638 pseudoepiscopus
628 2554 799 2619 Reinkens
822 2554 864 2618 ab
887 2555 959 2618 istis
983 2553 1204 2616 schismaticis
1227 2561 1421 2616 consecratus

313 2660 371 2714 est.
418 2651 641 2716 Declararunt
670 2652 718 2716 illi
749 2661 1033 2737 neoprotestantes
1065 2649 1267 2714 Germaniae
1299 2652 1334 2714 in
1362 2670 1418 2712 con·

313 2768 426 2830 gressu
449 2748 607 2814 Monechi
632 2773 661 2816 a.
689 2751 772 2814 1871
798 2749 927 2832 habito,
963 2749 1167 2814 dansenismi
1191 2751 1417 2812 accusationem

314 2855 428 2921 contra
451 2846 626 2912 ecclesiam
651 2847 926 2934 Ultrajectensem
949 2847 1072 2912 factam
1095 2846 1212 2912 falsam
1238 2868 1322 2928 esse,
1345 2845 1419 2909 adeo·

314 2965 378 3029 que
402 2942 527 3008 nullam
552 2946 792 3010 dissensionem
821 2947 855 3010 in
880 2946 1033 3029 dogmate
1058 2966 1133 3008 cum
1159 2945 1230 3007 istis
1255 2941 1418 3018 existere.¹)
1466 2915 1468 2944 Ι

314 3040 381 3106 Sed
405 3063 447 3104 ex
471 3041 570 3108 dictis
585 3053 685 3129 patet,
711 3044 751 3108 de
765 3045 978 3110 Jansenismo
1003 3042 1133 3107 illorum
1150 3041 1417 3106 schismaticorum
1466 3099 1468 3110 ἦ

314 3137 441 3202 nullum
466 3139 606 3204 dubium
630 3164 700 3206 esse
724 3163 830 3227 posse.

388 3371 408 3435 ¹)
428 3371 518 3436 „Nous
542 3371 681 3425 declarons
705 3387 760 3425 non
783 3370 880 3425 fundae
898 3370 1071 3424 l'accusation
1096 3369 1129 3423 de
1147 3368 1321 3422 Janscnisme
1344 3364 1416 3433 portu

314 3455 407 3503 contre
431 3447 534 3517 l’eglise
552 3449 703 3504 d’Utrecht:
729 3449 749 3503 il
768 3450 884 3504 n'existe
907 3466 957 3518 par
973 3453 1138 3515 consequent
1157 3453 1236 3502 entre
1256 3448 1308 3502 elle
1326 3453 1352 3501 et
1366 3456 1417 3498 non

314 3544 402 3582 aucun
421 3529 610 3584 dissentiment
628 3530 829 3602 dogmatique.“
867 3531 900 3583 V.
921 3531 981 3584 Van
1001 3530 1078 3584 Aken
1097 3530 1114 3586 l.
1134 3545 1156 3582 c.
1175 3545 1201 3596 p.
1226 3531 1284 3582 161.
