3020 4908
311 479 365 534 406
499 479 586 532 XLII.
624 478 664 532 De
683 481 759 532 statu
778 477 915 532 Ecclesiae
933 493 1002 532 saec.
1022 477 1124 532 decimo
1143 484 1248 533 octavo.

313 632 412 703 teret,
444 622 736 687 reformationibus
760 623 828 686 suis
853 644 886 685 se
916 641 978 685 nco
1003 622 1158 707 dogmata
1181 621 1355 686 Ecclesiae
1378 643 1434 685 nec

313 720 484 784 Pontificis
508 722 739 784 auctoritatem
763 719 930 784 laesurum
954 741 1034 786 esse.

402 836 456 900 36.
503 836 560 900 Uti
584 836 755 900 Viennam
788 835 945 917 tendens,
981 837 1027 899 ita
1050 843 1083 898 et
1105 835 1246 898 Romam
1270 842 1437 897 revertens

313 955 443 998 summa
466 932 664 1020 populorum
688 934 858 997 variorum
882 933 1096 996 veneratione
1120 932 1278 996 Pontifex
1303 932 1438 996 affectus

313 1041 378 1113 est,
411 1033 456 1095 ita
480 1042 517 1094 ut
540 1031 643 1095 veluti
668 1030 874 1115 triumphurn
900 1031 1077 1116 quemdam
1110 1032 1145 1094 in
1169 1032 1287 1094 itinere
1320 1039 1435 1113 ageret.

312 1131 452 1194 Romam
484 1130 608 1212 redux,
642 1139 841 1214 conceptam
865 1131 976 1193 animo
1010 1151 1102 1214 spem
1126 1129 1207 1192 Pius
1240 1149 1319 1191 cum
1349 1147 1441 1190 sacro

314 1226 544 1291 Cardinalium
569 1225 716 1312 Collegio
751 1228 1022 1293 communicavit.
1071 1226 1137 1290 Sed
1169 1248 1244 1311 spes
1277 1247 1347 1288 non
1381 1225 1443 1288 fuit

313 1326 489 1407 diuturna3
513 1325 681 1410 Josephus
697 1325 732 1388 ΙΙ
755 1326 844 1388 enim
869 1324 912 1388 ad
937 1323 1076 1389 consilia
1092 1323 1326 1408 sophistarum,
1352 1344 1439 1407 prae-

312 1425 425 1487 sertim
449 1423 636 1487 administri
653 1423 812 1505 Kaunitz,
834 1422 1018 1504 attendens,
1043 1422 1277 1485 innovationes
1293 1421 1442 1484 funestas

312 1521 467 1607 prosequi
492 1543 559 1584 non
584 1520 719 1586 destitit.
743 1559 785 1568 —
811 1520 898 1584 Illud
922 1522 985 1584 iter
1007 1521 1060 1584 Pii
1084 1520 1133 1583 VI
1157 1529 1269 1582 utrum
1294 1517 1377 1582 utile
1401 1539 1440 1580 an

311 1621 422 1704 potius
452 1620 609 1683 nocivum
640 1618 756 1696 fuerit,
793 1640 860 1682 non
892 1641 958 1682 una
983 1627 1031 1682 est
1062 1625 1233 1681 auctorum
1266 1617 1443 1680 sententia,

312 1716 509 1781 Pontificiae
535 1717 690 1800 dignitati
724 1716 802 1780 inde
828 1716 1062 1780 detrimentum
1086 1716 1279 1800 provenisse
1305 1713 1440 1799 quidam

313 1817 521 1896 existimant,
548 1837 650 1901 quum
675 1815 807 1878 infectis
830 1814 929 1878 rebus
952 1813 1108 1879 Pontifex
1131 1813 1253 1876 reverti
1277 1811 1439 1876 debuerit.
1502 1811 1503 1820 ’

313 1913 471 1977 Attamen
496 1912 579 1976 illud
595 1915 657 1976 iter
674 1913 842 1976 maximae
858 1911 1011 1975 utilitatis
1035 1912 1136 1975 fuisse
1155 1932 1342 1991 censemus,
1369 1932 1441 1995 qua·

312 2021 408 2075 tenus
451 2010 565 2096 populi
602 2011 708 2094 magis
748 2019 983 2095 persenserunt
1017 2010 1204 2074 Romanum
1244 2007 1441 2071 Pontificem

314 2118 414 2194 caput
438 2109 609 2172 Ecclesiae
640 2129 710 2172 esse
742 2109 958 2193 omniumque
981 2108 1170 2189 Pastorem,
1206 2107 1306 2192 eique
1338 2106 1444 2188 magis

313 2205 460 2270 devincti
486 2215 572 2270 sunt.
611 2207 656 2270 Et
679 2207 801 2269 summi
821 2207 980 2270 momenti
1004 2205 1077 2284 fnit,
1102 2205 1189 2290 quod
1215 2226 1321 2290 quum
1338 2204 1439 2287 Impe-

312 2313 401 2368 rator
425 2303 560 2368 vincula
591 2303 756 2368 relaxaret
788 2325 873 2389 quae
897 2303 1145 2367 multitudinem
1169 2303 1296 2366 Romae
1330 2301 1440 2365 devin-

313 2401 463 2484 ciebant,
500 2405 535 2466 in
569 2402 684 2466 eadem
719 2410 831 2464 tamen
864 2401 982 2465 intima
1017 2401 1186 2485 persuasio
1221 2400 1261 2464 de
1296 2401 1441 2485 primatu
1502 2439 1503 2442 =

312 2501 453 2564 Romani
478 2500 650 2564 Pontificis
675 2500 812 2585 ejusque
836 2501 1032 2563 auctoritate
1055 2501 1090 2562 in
1115 2499 1309 2562 universam
1331 2496 1441 2561 Eccle-

314 2600 415 2680 siam,
447 2620 486 2661 ac
510 2600 680 2662 veneratio
706 2598 827 2662 devota
851 2599 886 2661 in
910 2595 942 2663 S.
968 2595 1088 2660 Sedem
1116 2606 1316 2660 remaneret.
1368 2595 1437 2660 Cae
1502 2585 1503 2616 ³

313 2706 418 2760 terum
456 2699 555 2760 etiam
590 2696 792 2781 Imperator,
828 2697 1022 2780 praesertim
1060 2716 1163 2780 quum
1193 2693 1338 2756 Romam
1377 2715 1439 2779 pro·

311 2796 417 2860 fectus
441 2794 637 2858 Pontificem
673 2796 839 2878 visitaret,
876 2793 991 2857 saltem
1027 2814 1064 2856 eo
1102 2792 1265 2856 deductus
1304 2801 1374 2873 est,
1410 2801 1443 2852 nt

312 2895 470 2957 unionem
495 2915 571 2956 cum
596 2892 719 2957 Sancta
743 2892 828 2956 Sede
853 2892 1058 2977 disrumpere
1082 2891 1194 2957 nollet.

402 3010 454 3076 37.
500 3009 600 3073 Brevi
625 3018 715 3094 post,
747 3008 873 3072 scilicet
896 3008 975 3072 inde
1009 3007 1051 3072 ab
1076 3028 1163 3071 anno
1194 3005 1303 3087 1785,
1333 3026 1441 3070 novae

313 3107 552 3171 amaritudines
584 3108 644 3171 Pio
669 3107 718 3170 VI
751 3116 960 3170 accesserunt
994 3129 1014 3170 a
1046 3113 1188 3191 quatuor
1220 3103 1443 3189 metropolitis

313 3203 530 3288 Germaniae,
564 3206 621 3291 qui
647 3203 917 3289 jurisdictionem
940 3203 1112 3268 Pontificis
1143 3201 1284 3284 indigna
1314 3203 1443 3264 ratione

312 3296 509 3386 restringere
533 3325 572 3366 ac
596 3302 726 3365 laedere
745 3303 854 3365 conati
872 3311 958 3366 sunt.
1006 3300 1171 3364 Videlicet
1186 3298 1443 3363 Maximilianus

314 3401 520 3466 Coloniensis
543 3399 682 3485 Josephi
706 3401 723 3462 I
747 3400 864 3481 frater,
890 3399 1079 3462 Fridericus
1105 3398 1145 3462 de
1161 3396 1280 3461 Erthal
1304 3397 1441 3480 Mogon-

313 3502 411 3584 tinus,
437 3499 591 3564 Clemens
616 3498 782 3564 Saxoniae
806 3499 961 3582 princeps
977 3497 1194 3574 Trevirensis,
1220 3503 1253 3558 et
1278 3495 1438 3576 Hierony·

314 3621 386 3662 mus
422 3597 462 3660 de
487 3595 660 3661 Colloredo
695 3594 956 3678 salisburgensis
987 3593 1260 3679 Archiepiscopi,
1296 3594 1438 3676 primum

312 3697 513 3760 Nuntiorum
545 3693 813 3779 Apostolicorum
839 3692 1107 3777 jurisdictionem
1139 3713 1320 3774 agnoscere
1352 3711 1436 3753 recu·

314 3802 444 3877 sarunt,
479 3793 555 3856 dein
580 3812 659 3856 vero
684 3815 712 3858 a.
740 3791 826 3854 1786
849 3813 909 3875 per
926 3791 1151 3876 punctatioaes
1175 3789 1220 3853 ad
1244 3810 1347 3874 aquus
1369 3789 1436 3850 Em·

314 3913 418 3955 sensas
442 3892 545 3954 factas
578 3912 699 3974 magna
724 3910 800 3952 cum
825 3889 1014 3971 arrogantia
1038 3889 1145 3972 ipsam
1168 3886 1343 3951 Pontificis
1366 3905 1432 3948 auc-

313 3991 479 4052 toritatem
504 3997 672 4052 coarctare
697 3987 761 4050 nisi
785 3995 870 4050 sunt.
911 3985 976 4051 Sed
996 3986 1074 4071 jura
1096 4007 1155 4048 sua
1177 3985 1334 4048 Pontifex
1349 3983 1432 4068 justo

314 4108 389 4150 cum
415 4088 529 4169 vigore
553 4085 754 4167 vindicavit,
786 4094 916 4169 etpost
939 4105 1062 4170 paucos
1086 4104 1191 4147 annos
1218 4083 1363 4168 episcopi
1387 4076 1428 4141 illi

314 4207 333 4248 a
358 4185 483 4268 coeptis
507 4183 664 4247 desistere
689 4184 795 4247 coacti
820 4193 905 4248 sunt.
