2964 4912
444 489 640 544 Declarationis
659 488 792 555 sequelae.
1126 487 1179 542 375

68 633 172 696 diante
196 633 325 697 saeculo
350 632 478 697 decimo
503 642 621 696 octavo
645 632 793 696 Jesuitae
826 631 974 718 undique
998 631 1040 696 ab
1065 631 1179 695 adver·
1209 635 1332 710 002005250

68 732 155 794 seriis
177 733 244 794 suis
268 731 490 795 infestissimis
510 730 756 815 premebantur,
781 731 910 815 ipsique
927 729 1181 811 accusabantur,
1230 701 1309 739 ”hma'

69 828 149 912 quod
173 827 290 893 modus
320 828 442 913 agendi
473 836 572 914 atque
597 828 766 892 doctrinae
790 849 903 891 eorum
928 824 1057 890 Galliae
1079 847 1181 911 regno

69 926 348 1010 periculoessent,
374 948 411 989 eo
436 925 573 990 adducti
598 936 684 1007 sunt,
709 935 746 988 ut
769 949 798 990 a.
825 925 908 989 1761
928 924 1079 989 Comitiis
1095 923 1181 988 Cleri

68 1027 193 1088 Parisiis
217 1026 423 1109 congregatis
448 1023 704 1089 declarationem
721 1025 880 1087 offerrent
902 1045 922 1086 a
947 1022 1010 1087 116
1027 1022 1185 1086 Patribus

68 1123 234 1204 signatam,
260 1145 325 1208 qua
349 1124 434 1187 inter
448 1121 513 1186 alia
537 1123 783 1207 promittebant,
809 1144 843 1185 se
859 1131 1001 1208 quatuor
1016 1120 1187 1185 Articulos

68 1221 98 1282 in
122 1219 240 1284 scholis
265 1222 332 1285 suis
355 1221 551 1302 tradituros,
585 1243 693 1306 neque
717 1241 866 1306 unquam
894 1219 1020 1305 aliquid
1044 1219 1085 1282 iis
1109 1240 1182 1282 con·
1219 1227 1221 1237 '

67 1318 198 1381 trarium
222 1321 446 1402 proposituros
464 1341 544 1385 esse.
583 1319 729 1382 Additur
745 1317 981 1397 Declarationi,
1007 1318 1034 1381 si
1049 1339 1068 1380 a
1084 1316 1186 1380 Patre

68 1411 215 1479 Generali
250 1416 377 1502 aliquid
401 1438 514 1480 eorum
538 1417 709 1500 promissis
742 1417 929 1501 oppositum
959 1414 1186 1495 mandaretur,

68 1533 98 1574 se
121 1511 207 1576 illius
236 1514 329 1599 jussa
360 1526 397 1577 ut
420 1513 592 1598 illegitima
624 1513 796 1578 habituros
820 1514 931 1594 esss.¹)
978 1512 1053 1576 Hac
1084 1515 1117 1576 in
1147 1534 1187 1576 re·

67 1609 210 1674 lesuitae
235 1609 363 1675 Galliae
387 1612 535 1697 undique
565 1613 745 1695 angustiati
770 1621 802 1675 et
825 1612 928 1697 pressi
953 1613 1092 1675 nimium
1118 1632 1182 1674 ces·

68 1716 173 1770 serunt
204 1711 364 1794 tempori3
397 1731 459 1773 nec
490 1722 601 1774 tamen
632 1709 902 1773 concessionibus
933 1709 1095 1794 ejusmodi
1128 1730 1182 1793 po-

68 1797 195 1869 tuerunt
211 1806 478 1871 adversariorum
494 1809 645 1893 mitigare
662 1808 805 1871 furorem
830 1817 861 1871 et
877 1807 1069 1871 Institutum
1086 1827 1187 1870 suum

67 1902 98 1964 in
120 1901 232 1968 Gallia
256 1927 460 1973 conservare.

151 2037 203 2102 68.
243 2036 312 2101 Illis
332 2038 467 2124 quidem
484 2060 550 2102 non
565 2040 772 2120 assentimur,
797 2041 864 2124 qui,
889 2037 997 2123 quoad
1014 2039 1185 2120 negotium

68 2131 104 2196 de
119 2135 258 2219 Repulia
273 2158 312 2199 ac
330 2136 406 2200 dein
424 2135 533 2220 quoad
545 2135 801 2200 Declaratioaem
813 2135 910 2217 Cleri,
928 2133 1095 2220 praesules
1112 2134 1183 2198 illos

69 2227 191 2294 Galliae
223 2234 375 2316 pessimis
399 2235 485 2296 notis
513 2235 711 2314 affecerunt,
748 2257 928 2321 eorumque
959 2233 1183 2297 characterem

68 2329 154 2390 tetris
190 2328 289 2414 plane
324 2331 545 2416 depinxerunt
584 2332 757 2398 coloribus.
811 2333 969 2396 Attamen
1007 2355 1050 2395 ex
1085 2332 1184 2395 dictis

69 2423 173 2504 claret,
199 2426 467 2492 Declarationem
490 2431 616 2493 tristem
633 2431 734 2494 fuisse
754 2431 898 2494 fructum
920 2429 1069 2515 obsequii
1087 2431 1183 2492 nimii

69 2543 140 2606 erga
161 2546 275 2609 regem
299 2526 435 2612 ejusque
459 2528 643 2609 ministros,
673 2537 705 2591 et
729 2527 983 2612 particularismi
1007 2527 1186 2593 rationalis

69 2641 126 2702 quo
157 2622 269 2707 plures
300 2624 467 2709 praesules
492 2625 570 2690 Sedi
594 2626 764 2690 Romanae
795 2628 904 2691 minus
935 2625 1061 2689 addicti
1090 2635 1187 2714 erant

69 2727 97 2779 et
124 2722 298 2804 opiniones
328 2724 444 2786 inanes
476 2723 710 2809 libertatesque
740 2734 929 2809 praetensae
962 2723 1181 2787 sectabantur.

137 3003 157 3072 1)
179 3005 269 3072 „Nous
289 3005 426 3058 deelarons
441 3044 446 3056 .
462 3045 488 3062 ..
510 3007 539 3060 1⁰
559 3006 643 3073 Qu’on
656 3023 690 3062 ne
702 3012 768 3074 peut
781 3009 839 3062 etre
857 3009 917 3075 plus
932 3010 1032 3063 soumis
1051 3022 1102 3074 que
1115 3022 1187 3061 nous

66 3079 88 3134 le
106 3097 232 3150 sommas,
262 3085 290 3138 ni
309 3085 370 3152 plus
389 3085 610 3140 inviolablement
629 3088 752 3142 attaches
771 3105 825 3142 eux
842 3089 906 3154 lois,
935 3105 989 3142 aux
1006 3088 1135 3142 maximas
1155 3090 1185 3140 et

67 3175 116 3213 aux
133 3179 233 3234 useges
261 3165 294 3218 de
313 3180 342 3218 ce
361 3181 487 3231 royaume
511 3183 558 3220 sur
575 3167 615 3220 les
634 3167 719 3221 droits
747 3169 780 3223 de
798 3168 825 3221 la
843 3169 984 3236 puissance
1003 3168 1108 3236 mysia,
1136 3167 1183 3232 qui

67 3255 130 3305 pour
146 3245 171 3297 le
190 3245 321 3312 tempore}
349 3261 382 3299 ne
401 3247 505 3313 depend
529 3247 558 3301 ni
577 3246 755 3302 directement
773 3249 801 3302 ni
820 3249 1028 3304 indirectement
1055 3247 1187 3302 d'aucune

66 3322 202 3384 puissance
221 3325 267 3391 qui
286 3325 339 3379 soit
360 3342 406 3379 sur
424 3326 451 3379 la
469 3334 542 3382 terre
561 3333 589 3381 et
607 3327 650 3380 n’a
668 3344 719 3394 que
732 3330 801 3383 Dieu
814 3331 872 3384 seul
885 3331 1023 3385 au-dessus
1036 3329 1119 3384 d'elle.
1134 3371 1139 3382 .
1154 3369 1182 3387 ..

67 3402 94 3452 2⁰
113 3402 168 3469 Qua
195 3421 263 3459 nons
282 3405 474 3473 enseignerons
503 3408 569 3461 dans
587 3424 636 3462 nos
664 3409 753 3476 leoons
772 3410 804 3464 de
822 3410 959 3480 theologie
986 3411 1126 3478 publiques
1155 3419 1187 3464 et

66 3484 263 3550 particulares,
292 3485 320 3538 la
348 3487 469 3540 doctrine
498 3487 597 3542 etablie
625 3505 675 3556 par
701 3490 726 3544 le
745 3489 842 3558 Olerge
869 3491 901 3545 de
919 3491 1023 3544 Franco
1051 3492 1117 3544 dans
1144 3491 1185 3544 les

68 3567 158 3625 quatre
177 3565 356 3632 propositione
375 3566 408 3619 de
426 3565 597 3622 l¹Assemblee
615 3569 648 3623 de
669 3568 745 3634 1682,
765 3574 793 3623 et
811 3586 862 3636 que
878 3586 945 3624 nous
963 3572 1186 3640 n’enseignerons

64 3640 158 3705 jamais
177 3645 236 3699 rien
257 3647 303 3712 qui
321 3663 340 3713 y
358 3646 412 3699 soit
431 3647 574 3701 contraire.
673 3650 704 3702 4⁰
723 3649 792 3716 Quo,
821 3650 845 3702 si
863 3653 880 3708 a
897 3651 967 3705 Dieu
986 3667 1020 3705 ne
1039 3652 1136 3718 plaise,
1162 3647 1182 3705 il

66 3724 174 3786 pouvait
193 3726 298 3780 arriver
316 3725 380 3792 qu‘il
399 3741 466 3780 nous
485 3726 530 3779 fet
543 3728 661 3782 ordonne
679 3745 730 3796 par
747 3735 825 3784 notre
838 3729 952 3785 General
971 3733 1085 3799 quelque
1104 3731 1184 3786 chose

67 3800 96 3854 de
114 3805 247 3860 contraire
266 3809 283 3858 a
301 3811 373 3860 cette
391 3809 517 3874 presente
535 3807 715 3874 declaration,
734 3809 878 3876 persuades
897 3826 948 3876 que
966 3827 1033 3865 nous
1051 3826 1085 3864 ne
1103 3827 1183 3878 pour-

67 3879 134 3936 rions
152 3900 170 3950 y
188 3884 293 3938 deferar
320 3901 382 3940 sens
400 3887 513 3954 peoher‚
541 3903 609 3941 nous
628 3888 817 3956 regarderions
836 3905 878 3944 ces
897 3891 987 3944 ordres
1006 3907 1106 3945 comme
1124 3891 1183 3945 ille·

67 3959 179 4029 gitimas,
198 3964 259 4018 nuls
278 3965 310 4020 de
322 3965 396 4032 plein
415 3966 494 4032 droit,
515 3973 543 4021 et
561 3968 691 4034 auxquels
705 3969 790 4023 meme
809 3986 875 4023 nous
894 3986 928 4024 ne
946 3970 1086 4037 pourrions
1099 3971 1129 4023 ni
1146 3986 1183 4024 ne

67 4038 186 4097 devrions
214 4045 288 4100 obeir
316 4062 349 4099 en
367 4053 448 4101 vertu
475 4049 521 4101 des
549 4048 638 4117 regles
666 4049 699 4102 de
722 4048 893 4104 l’obeissance
919 4067 955 4104 au
974 4050 1089 4105 Genera}
1117 4050 1184 4104 telle

68 4120 231 4260 itliellixssi
251 4127 381 4194 prescrite
408 4144 458 4195 par
485 4143 534 4182 nos
563 4128 787 4186 Constitutions.“
833 4130 1085 4198 Cretineau·Joly,
1113 4131 1130 4186 l.
1159 4147 1183 4184 c,
