3288 4900
341 571 448 610 FormuIa

321 630 464 682 proponenti-

321 693 360 735 bus
374 693 468 745 Lapatia.

486 428 538 481 176
772 423 928 481 XXXVIII.
949 425 988 478 De
1007 423 1125 478 Concilio
1144 425 1312 479 Tridentino.

485 569 639 655 querelae
678 567 719 632 de
749 566 891 631 formula
925 568 1177 652 proponentibus
1201 569 1329 654 Lepetia
1362 570 1434 656 jam
1473 572 1591 634 omnino

485 667 688 747 sedarentur,
723 687 765 729 ex
789 665 927 729 consilio
952 664 1125 729 Pontificis
1149 689 1168 729 a
1192 666 1328 750 Legatis
1353 669 1521 753 proposita
1541 669 1592 732 fuit

484 764 662 828 declaratio
694 765 767 845 ista,
800 764 872 829 Art.
898 763 1001 827 XXI:
1039 761 1207 849 „Cupiens
1232 764 1533 850 sanctasynodus,
1565 779 1593 829 ut

484 885 525 926 ex
551 862 691 925 decretis
714 860 757 925 ab
782 883 821 924 ea
845 861 943 925 editis
974 860 1065 926 nulla
1089 884 1236 947 unquam
1260 863 1380 928 futuris
1403 863 1593 949 temporibus

484 958 660 1025 dubitandi
685 981 785 1022 causa
805 962 939 1042 oriatur,
966 959 1068 1023 verba
1085 959 1140 1023 illa
1155 962 1262 1045 posita
1286 963 1320 1024 in
1345 961 1478 1026 decreto
1487 960 1592 1046 ·publi·

483 1067 556 1121 eato
592 1058 737 1122 sessione
773 1058 880 1142 prima
919 1056 981 1121 sub
1011 1057 1095 1121 Bmo
1120 1059 1163 1122 D.
1187 1058 1228 1123 N.
1255 1059 1313 1122 Pio
1339 1059 1397 1140 IV,
1436 1058 1593 1124 videlicet:

456 1155 578 1235 .Quae
610 1154 862 1241 proponentibus
886 1154 1015 1239 Lapatia
1053 1178 1090 1218 ec
1107 1156 1370 1241 praesidentibus
1408 1158 1451 1222 ad
1489 1157 1592 1221 horum
1634 1150 1635 1160 ³

482 1263 668 1338 temporum
710 1250 871 1316 levandas
911 1252 1129 1334 calamitates,
1167 1253 1335 1318 bedandas
1373 1255 1413 1318 dc
1449 1255 1593 1340 religione

483 1352 736 1430 controversias,
889 1360 968 1436 apta
1005 1360 1038 1414 et
1076 1350 1197 1415 idonea
1225 1354 1286 1437 ipsi
1313 1363 1448 1419 sanctae
1472 1353 1592 1437 Synodo

484 1448 702 1514 videbantur:
735 1448 934 1535 explicando
960 1447 1116 1530 declarat,
1149 1452 1269 1514 mentis
1301 1473 1380 1514 suae
1405 1473 1473 1516 non
1497 1452 1592 1531 fuisse,

393 1558 394 1566 ’
483 1560 519 1613 ut
550 1570 592 1612 ex
620 1546 801 1632 praedietis
832 1547 943 1610 verbis
975 1546 1071 1611 solita
1101 1549 1185 1611 ratio
1217 1549 1382 1613 tractandi
1416 1552 1547 1634 negotia
1568 1551 1593 1612 in

482 1645 693 1732 generalibus
725 1644 883 1708 Conciliis
922 1643 988 1708 ulla
1021 1668 1063 1709 ex
1094 1655 1187 1730 parte
1221 1647 1462 1729 immutaretur,
1501 1669 1593 1732 neque

484 1747 562 1809 novi
595 1743 778 1829 quidquam
811 1753 941 1828 praeter
973 1743 1007 1806 id
1041 1743 1130 1829 quod
1153 1766 1173 1808 a
1198 1746 1298 1808 sacris
1323 1744 1518 1826 canonibus,
1552 1744 1593 1807 vel

481 1842 687 1928 generalium
712 1839 921 1925 Synodorum
954 1841 1060 1905 forma
1084 1840 1244 1907 hactenus
1268 1852 1427 1907 statutum
1452 1853 1511 1924 est,
1541 1844 1593 1906 cui·

484 1963 583 2028 quam
607 1939 785 2004 adderetur
808 1938 861 2003 vel
887 1938 1144 2004 detraheretur.“
1178 1939 1270 2004 Nihil
1286 1962 1403 2005 revera
1422 1941 1509 2026 juris
1525 1942 1592 2026 ejus·

483 2038 574 2103 modi
598 2036 740 2100 formula
765 2035 894 2101 detrahi
918 2035 1083 2117 Patribus,
1103 2037 1175 2122 jam
1201 2047 1367 2102 ostensum
1392 2049 1451 2105 est.

575 2137 649 2200 137.
696 2134 809 2214 Quum
854 2135 895 2199 de
933 2136 1122 2220 principum
1166 2135 1400 2201 reformatione
1445 2146 1591 2221 ageretur,

484 2234 639 2301 Oratores
654 2230 742 2296 Galli
768 2235 1005 2297 contestatione
1031 2233 1175 2318 quadam
1200 2235 1289 2298 facta
1312 2234 1511 2298 Tridentum
1534 2232 1591 2296 reli·
1633 2300 1634 2303 Ἴ

484 2340 633 2419 querant,
666 2340 698 2394 et
725 2353 794 2394 sese
818 2331 978 2395 Venetias
1005 2341 1216 2417 receperant;
1252 2354 1314 2395 uec
1338 2332 1533 2396 Tridentum
1554 2354 1590 2394 re·

484 2432 572 2494 versi
595 2439 681 2504 sunt,
706 2430 860 2514 quamvis
884 2453 903 2492 a
928 2428 1098 2493 Cardinali
1122 2429 1327 2513 Letharingo
1354 2429 1513 2495 Venetiae
1534 2451 1591 2514 pro·

484 2529 568 2592 fecto
606 2526 649 2590 ad
688 2526 722 2589 id
760 2536 964 2609 urgerentur.
1012 2526 1088 2611 Ipse
1118 2549 1197 2590 vero
1222 2527 1448 2610 Letharingus
1484 2526 1591 2590 ultimis

485 2624 625 2690 Concilii
643 2624 813 2688 mensibus
829 2626 1022 2709 praesertim
1037 2646 1179 2712 ,omnem
1203 2645 1337 2709 operam
1362 2624 1517 2690 adhibuit
1538 2647 1591 2687 una

485 2747 561 2788 eum
593 2724 738 2806 Legatis,
774 2732 811 2785 ut
842 2722 997 2806 Synodus
1029 2721 1073 2785 ad
1103 2721 1234 2786 felicem
1272 2722 1372 2786 finem
1408 2724 1590 2808 perveniret.
1637 2732 1640 2805 l

485 2824 596 2909 Atque
618 2821 662 2885 ad
685 2821 775 2884 bunc
799 2819 997 2884 festinarunt
1020 2819 1135 2884 Patres
1160 2821 1315 2901 maxime,
1346 2831 1520 2906 postquam
1541 2842 1590 2883 ses-

485 2924 576 2986 sione
589 2920 872 3003 vigesimaquarta
884 2919 1017 3001 negotia
1025 2917 1315 3001 gravissimabene
1325 2920 1480 2983 confecta
1495 2929 1589 2996 erant,

484 3018 639 3083 Pontifex
663 3037 741 3080 vero
771 3016 894 3100 pariter
930 3014 1175 3079 conclusionem
1210 3015 1360 3098 urgebat,
1399 3028 1437 3081 ut
1473 3016 1589 3081 tandein

484 3118 610 3181 fructus
637 3113 788 3178 laborum
821 3113 931 3197 colligi
962 3123 1105 3198 possent.
1151 3113 1354 3213 Resistebats
1368 3115 1504 3200 quidem
1532 3135 1590 3177 eon·

485 3214 625 3279 elusioni
656 3210 776 3277 Orator
805 3211 990 3296 Hispanus,
1023 3233 1125 3297 quum
1158 3211 1307 3275 nondum
1338 3213 1531 3277 mandatum
1559 3210 1591 3275 ad
1637 3282 1640 3303 ¹

485 3313 548 3376 hoe
584 3335 605 3375 a
644 3331 702 3374 suo
736 3331 813 3393 rege
845 3310 1044 3394 accepisset3
1085 3309 1142 3373 sed
1172 3309 1359 3374 Cardinalis
1383 3312 1591 3393 Lotharingns
1637 3308 1640 3396 Ἰἶ

486 3411 620 3475 nomine
657 3409 744 3493 regis
774 3405 903 3471 Galliae
938 3406 980 3471 ob
1013 3429 1150 3492 magnas
1181 3407 1386 3471 calamitates
1424 3420 1458 3473 et
1495 3407 1590 3473 turbas

486 3509 585 3594 hujus
609 3507 702 3592 regni
726 3507 824 3570 enixe
848 3504 1037 3590 postulavit,
1063 3507 1150 3569 utin
1166 3507 1315 3591 sequenti
1342 3506 1498 3588 sessione,
1522 3523 1589 3591 quae

487 3606 529 3670 ad
554 3605 642 3669 diem
666 3605 727 3668 qum
746 3603 945 3668 Decembris
969 3602 1095 3667 indicta
1119 3613 1197 3686 erat,
1224 3602 1411 3668 Concilium
1437 3601 1589 3668 conclude·

487 3713 585 3767 retur.
632 3701 672 3765 Id
696 3703 797 3786 igitur
820 3711 857 3764 ut
880 3701 973 3765 fieret
997 3710 1155 3765 statutum
1179 3701 1243 3764 fuit
1265 3723 1284 3763 a
1308 3699 1465 3764 Patribus
1488 3702 1528 3765 ad
1549 3698 1588 3762 de·

485 3799 696 3865 liberandum
722 3798 867 3864 delectis.

578 3897 651 3964 138.
692 3897 743 3960 De
767 3895 865 3960 modo
891 3895 968 3959 dein
992 3917 1056 3981 quo
1080 3917 1132 3958 res
1156 3894 1375 3960 conficeretur
1398 3904 1543 3980 egerunt,
1564 3899 1587 3952 et

487 3997 651 4059 intereos
675 3995 842 4074 convenit,
867 4002 1016 4077 oportere
1040 4014 1174 4077 operam
1199 3994 1315 4057 navari
1332 3992 1376 4056 ad
1392 3988 1585 4057 stabiliendas

1638 3857 1640 3913 l

1638 4025 1640 4098 l

487 4092 631 4178 reliquas
662 4090 858 4177 disciplinae
888 4089 985 4174 leges,
1020 4100 1052 4154 et
1086 4092 1121 4153 in
1154 4092 1195 4154 iis
1227 4088 1312 4176 qnae
1337 4091 1527 4176 spectabant
1552 4081 1584 4148 ad
1638 4121 1640 4141 1

487 4192 655 4276 principes
685 4191 832 4252 suaviter
864 4188 1135 4277 procedendum,
1170 4188 1441 4274 quandoquidem
1476 4187 1583 4251 illorum
