3336 4908
227 388 263 463 ,1,
439 401 480 457 De
497 400 582 458 variis
601 399 800 454 controversiis.
836 403 841 410 '
944 450 945 453 ,
1123 400 1182 456 :ata

76 546 165 626 davit,
195 545 305 608 claves
330 567 387 608 seu
406 543 673 629 jurisdictionem
698 545 800 629 prius,
830 543 1056 608 immediatius
1080 550 1112 608 61
1136 547 1182 609 es·

73 643 233 707 sentialius
258 643 390 707 dedisse
403 644 463 705 toti
473 641 647 706 Ecclesiae
663 663 761 729 quam
777 642 893 706 Petro!
909 641 930 706 J
933 642 1182 707 urisdictionem

73 743 163 824 igitur
185 740 443 805 ecclesiasticam
468 741 609 826 proprie,
634 741 791 824 primario
812 750 848 802 ⁴et
861 740 1089 805 'essentialiter
1108 765 1182 808 con-

73 841 174 903 venire
190 838 377 918 Ecclesiae,
401 839 513 922 Papae
535 859 614 901 vero
636 844 669 901 et
692 838 855 922 episcopis
870 839 1181 925 instrumentaliter,

73 937 321 1002 ministerialiter
345 947 378 1000 et
401 936 511 1022 quoad
535 937 776 1001 executionem.
806 935 932 1020 Papam
956 959 1026 1001 esse
1050 938 1183 1005 visibile

70 1035 230 1101 Ecclesiae
254 1044 355 1120 caput
370 1033 601 1118 symbolicum,
628 1032 851 1116 ministeriale,
874 1033 1090 1116 accidentale,
1116 1057 1182 1102 non

70 1133 242 1215 essentiale,
291 1154 420 1218 quocum
456 1130 601 1196 Ecclesia
631 1130 746 1216 facere
779 1133 885 1215 possit
910 1132 1098 1200 divortium.
1139 1174 1182 1184 —

70 1230 161 1316 Anno
187 1229 557 1294 1616616166616
584 1252 604 1292 a
632 1227 776 1313 synodis,
798 1229 1068 1313 provincialibus.
1084 1232 1183 1297 Seno.

69 1328 157 1390 nensi
179 1339 211 1390 et
236 1327 386 1413 Aquensi
411 1337 510 1412 atque
534 1329 633 1391 etiam
659 1327 783 1391 Romae
808 1327 984 1392 damnatus
1007 1332 1090 1411 est3'
1112 1333 1184 1417 ipse

68 1434 171 1487 autem
199 1427 290 1508 regia
321 1427 518 1488 auctoritate
551 1435 583 1488 et
606 1423 789 1488 Facultatis
819 1424 1022 1510 theologicae
1051 1427 1182 1492 decreto

68 1523 190 1605 syndici
214 1522 324 1586 officio
349 1525 499 1607 privatus
528 1522 602 1588 fuit.
650 1522 989 1605 Declaravittamen,
1019 1547 1086 1594 non
1110 1548 1183 1592 eam

68 1631 203 1684 mentem
243 1623 348 1706 ipsius
383 1620 496 1701 fuisse,
536 1630 574 1684 ut
610 1623 790 1705 primatum
829 1621 1000 1692 Pontificis
1036 1630 1183 1708 negaret.

68 1719 161 1782 Anno
187 1720 271 1784 1629
312 1718 570 1784 declarationem
604 1705 663 1783 suo
697 1721 837 1792 nomine·
860 1722 1022 1803 signatam
1047 1721 1184 1787 tradidit

69 1815 231 1880 Cardinali
255 1817 444 1899 Richelieu,
485 1841 550 1904 qua
584 1811 706 1882 librum
746 1840 843 1881 suum
881 1818 975 1883 Rom.
1013 1818 1185 1883 Ecclesiae

63 1913 185 1997 judicio
209 1915 366 2002 subjecit,
398 1938 578 2002 omnesque
602 1918 637 1979 in
661 1916 715 1980 illo
741 1914 912 1979 coutentes
944 1918 1185 2001 propositiones

67 2012 209 2095 ejusdem
238 2013 409 2078 Ecclesiae
441 2014 600 2078 doctrinis
631 2017 813 2079 contrarias
847 2015 1048 2099 improbavit
1086 2025 1185 2101 atque

68 2109 244 2176 damnavit.
293 2111 386 2176 Obiit
409 2135 438 2176 a.
467 2112 562 2176 1631.

151 2307 202 2372 37.
233 2307 442 2370 Richerianis
466 2307 704 2372 assertionibus
727 2306 795 2370 fere
820 2307 942 2372 similes
967 2310 1083 2373 eodem
1107 2319 1355 2382 1616-66166

66 2424 141 2485 pore
173 2405 310 2489 protulit
339 2405 472 2469 Marcus
504 2405 670 2469 Antonius
704 2405 745 2468 (16
768 2407 933 2470 Dominis.
981 2407 1047 2470 Hic
1076 2410 1187 2490 (natus

66 2521 91 2564 a.
110 2501 210 2582 1566)
235 2501 351 2566 relicta
364 2504 528 2568 Societate
544 2505 564 2568 ,Ι
568 2526 625 2566 666
642 2505 676 2566 in
693 2525 757 2588 qua
773 2501 884 2587 plures
900 2526 1004 2579 annos
1021 2513 1185 2589 exegerat,

66 2597 202 2682 adeptus
219 2610 268 2663 est
280 2623 308 2666 a.
320 2601 406 2665 1600
419 2603 646 2686 episcopatum
658 2599 889 2684 Segniensem3
906 2600 1186 2688 (161666161602)

66 2695 382 2784 archiepiscopatum
415 2697 643 2784 spalatensem
676 2700 711 2761 in
734 2697 916 2763 Dalmatia.
963 2699 1187 2786 Opinionibus
1228 2708 1229 2711 ’

65 2797 158 2858 novis
182 2795 317 2859 inhians
342 2795 439 2859 etde
464 2796 662 2860 orthodoxia
686 2806 868 2880 suspectus,
900 2820 929 2861 a.
957 2797 1042 2861 1616
1072 2797 1186 2862 relicto

1236 2384 1313 2425 minis.

65 2891 351 2978 archiepiscopatu
376 2916 434 2957 suo
447 2894 626 2978 transfugit
650 2896 685 2957 in
701 2893 871 2978 Angliam,
896 2917 935 2958 66
952 2897 1187 2981 professionem
1283 2877 1284 2880 Ἴ

65 2987 138 3052 fidei
164 2991 371 3074 Anglicanae
395 2991 586 3055 solemniter
608 2993 726 3057 emisit.
756 2992 886 3056 Ibidem
907 2992 1012 3056 edidit
1029 2993 1064 3059 P.
1080 2993 1188 3079 Sarpii

66 3083 233 3151 historiam
252 3087 393 3154 06661111
410 3090 610 3172 Tridentini,
635 3092 683 3153 uti
703 3091 774 3176 jam
800 3093 951 3176 superius
976 3091 1132 3175 diximus,
1156 3100 1189 3154 et

66 3204 144 3268 opus
175 3186 282 3252 tribus
315 3188 544 3253 voluminibus
578 3191 611 3252 in
636 3187 713 3251 folio
741 3189 812 3274 jam
837 3198 989 3274 paratum
1019 3200 1118 3275 atque
1142 3190 1187 3252 in·

67 3285 223 3368 scriptum
248 3286 297 3368 De
320 3286 485 3373 republica
509 3286 723 3350 ecclesiastica
747 3297 857 3350 contra
874 3289 1051 3372 primatum
1069 3289 1186 3373 Papae.
1248 3333 1249 3337 ,

66 3380 101 3442 ln
125 3382 190 3445 hoc
214 3405 312 3468 opere
335 3387 495 3471 pessimos
519 3406 643 3447 errores
666 3383 778 3465 tradit,
803 3384 938 3465 scilicet,
962 3387 1110 3468 regimen
1127 3385 1186 3446 Ec·

67 3476 225 3543 clesiae’e
249 3504 308 3545 666
331 3484 540 3546 institutione
564 3504 634 3546 esse
658 3483 938 3563 aristocraticum3
962 3482 1096 3545 Petrum
1121 3503 1187 3546 non

66 3574 164 3641 fuisse
187 3581 373 3668 principem
399 3580 644 3665 Apostolorum,
678 3580 735 3644 sed
760 3580 812 3643 his
837 3578 1025 3665 aequalem3
1061 3580 1188 3664 Papam

42 3730 43 3733 ,
67 3694 130 3737 666
153 3675 278 3740 habere
302 3687 498 3762 potestatem
523 3681 557 3742 in
574 3680 763 3763 episcopos;
789 3677 972 3763 quemlibet
996 3680 1188 3763 episcopum

68 3771 98 3834 in
123 3796 182 3837 sua
206 3774 348 3839 dioecesi
374 3797 444 3840 esse
469 3776 701 3857 monarcham3
735 3775 866 3861 plebem
900 3776 1114 3839 christianam
1147 3797 1191 3838 ex

68 3871 273 3936 institutione
307 3873 423 3937 divina
454 3873 576 3938 habere
603 3874 659 3959 jus
691 3872 835 3957 eligendi
871 3895 979 3937 sacros
1011 3875 1188 3953 ministros,

71 3970 203 4055 ejusque
227 3993 424 4036 consensum
450 3973 485 4034 in
510 3971 661 4054 eligendo
686 3973 840 4056 episcopo
856 3993 926 4038 esse
941 3970 1188 4057 requirendum.

70 4066 203 4155 Propter
233 4069 399 4156 ejusmodi
431 4091 514 4154 opus
546 4068 589 4132 ab
614 4069 789 4132 haereticis
813 4071 939 4154 ingenti
968 4068 1010 4132 de
1033 4069 1191 4132 Dominis

69 4164 181 4247 plausu
212 4190 316 4253 usque
347 4167 389 4232 ad
421 4167 531 4232 stellas
562 4177 696 4231 evectus
729 4177 786 4232 est.
834 4167 913 4230 Mox
935 4177 1046 4231 tamen
1072 4165 1190 4231 infelix
