3034 4894
300 477 340 532 84
623 471 780 528 XXXVIII.
799 471 840 526 De
858 470 977 526 Concilio
996 469 1165 526 Tridentino.

302 618 480 686 Adventus
503 613 694 699 (Gaudete),
719 624 970 680 sacrosanctum
990 613 1178 680 Concilium
1194 613 1415 679 Tridentinum

302 716 493 782 inchoatum
532 725 592 780 est.
638 713 829 778 Adfuerunt
864 712 943 777 huic
983 710 1184 776 solemnitati
1221 721 1293 778 tres
1324 712 1416 794 legati

301 813 477 880 Pontificis
503 811 637 896 Synodo
669 809 912 896 praesidentes,
951 809 1109 874 videlieet
1140 809 1289 876 loannes
1320 811 1416 876 Maria

302 909 492 976 Cardinelis
514 909 555 974 de
580 909 694 974 Monte
718 911 845 992 (postea
869 906 982 972 Julius
1003 906 1081 988 ΠΙ),
1110 907 1289 974 Marcellus
1314 907 1415 972 Cardi-

301 1009 386 1074 nalis
417 1009 584 1073 Cervinus
620 1004 811 1088 (Marcellus
835 1005 880 1084 ΙΙ)
919 1027 959 1068 ac
996 1004 1200 1088 Reminaldus
1238 1005 1418 1072 Cardinalis

301 1107 401 1172 Polus
415 1105 588 1190 (Anglus);
603 1103 798 1170 Mad'rucius
810 1102 997 1168 Cardiualis
1012 1104 1187 1188 episcopus
1200 1104 1416 1182 Tridentinus,

301 1215 442 1291 quatuor
453 1202 707 1288 archiepiscopi,
725 1202 844 1284 viginti
862 1203 1019 1286 episcopi,
1037 1201 1186 1286 quinque
1198 1201 1416 1285 religiosorum

302 1302 468 1367 Ordinum
492 1302 612 1366 summi
627 1299 806 1386 praesides,
832 1297 1051 1364 Sebastianus
1063 1297 1242 1382 Pilgrimus
1258 1299 1417 1364 Romanae

301 1401 404 1465 Rotae
436 1399 683 1479 duodecemvir,
716 1409 749 1462 et
781 1397 989 1462 Ferdinandi
1011 1399 1097 1482 regis
1121 1396 1319 1478 Oratores.¹)
1364 1397 1417 1461 De·

302 1513 430 1564 eratum
453 1498 493 1562 de
506 1496 695 1562 inchoando
715 1495 866 1560 Concilio
891 1497 925 1560 in
940 1497 1048 1579 prima
1071 1496 1134 1560 ista
1157 1496 1305 1561 sessione
1325 1496 1416 1560 latum

302 1597 464 1683 ejusmodi
490 1605 554 1660 eet:
585 1595 735 1660 Placetne
757 1594 845 1658 vobis
868 1595 912 1658 ed
936 1593 1062 1658 laedere
1086 1605 1116 1657 ct
1137 1593 1275 1679 pieriam
1299 1605 1417 1658 sanctae

301 1694 539 1762 etindiaidmae
568 1693 746 1770 Trinitatis,
771 1692 890 1768 Patris,
915 1688 996 1756 Filii
1018 1703 1050 1754 et
1073 1690 1213 1777 Spiritus
1245 1693 1362 1768 saneti,
1383 1691 1417 1754 od

211 1829 217 1836 ·
300 1793 523 1856 incrementum
546 1803 578 1855 et
592 1791 817 1856 assultationem
835 1789 915 1873 fidei
929 1801 959 1852 et
974 1787 1022 1852 rel
1022 1790 1139 1873 ipiomis
1153 1790 1361 1867 christianae,
1384 1787 1419 1850 od
1489 1785 1490 1854 ἒ

302 1891 563 1976 eastirpatiomem
585 1890 757 1966 haeresum,
782 1887 827 1950 ad
820 1909 950 2047 lpaeem
973 1897 1003 1948 et
1025 1887 1171 1950 emiomem
1187 1886 1418 1967 Ecclesiaste

300 1989 557 2076 reformationem
581 1984 658 2049 cleri
680 1996 709 2048 et
729 1984 846 2070 populi
868 1985 1044 2063 christiani,
1075 1985 1119 2047 ad
1142 1984 1377 2070 depressionem
1397 1994 1419 2046 et

301 2086 539 2150 eastimctiomem
562 2085 697 2147 ιιοιιιιιιιι
720 2083 888 2145 christiani
910 2083 1056 2161 meminis,
1082 2082 1246 2146 decernere
1271 2093 1301 2145 et
1327 2082 1417 2145 decie-

299 2207 385 2261 rere,
409 2205 531 2245 sacram
560 2181 778 2244 Τιιιιιιιιιιιιιιι
802 2191 831 2242 ιι
853 2178 999 2264 penerele
1027 2177 1236 2243 Caeciliam
1222 2181 1374 2265 racipere,
1396 2189 1418 2241 et

301 2283 458 2366 inceptem
487 2279 575 2342 esse?2
614 2276 879 2363 Responderunt:
918 2276 1035 2340 Placet.
1084 2277 1145 2340 His
1169 2277 1283 2341 verbis
1308 2299 1417 2362 scopus
1487 2313 1490 2404 p

302 2400 358 2463 qur
351 2375 510 2461 Synode
534 2377 722 2461 propositus
746 2387 815 2438 erat
829 2379 1004 2461 perspicue
1021 2374 1197 2442 indicetur.
1212 2413 1255 2421 -
1273 2375 1418 2439 Secunda
1487 2415 1489 2440 ι

301 2477 401 2540 sessio
427 2474 481 2538 die
514 2473 550 2537 7⁰
574 2474 698 2540 mensis
714 2473 867 2537 Januarii
885 2495 915 2536 a.
936 2471 1021 2536 1546
1045 2471 1160 2536 habita
1184 2483 1242 2554 est,
1268 2482 1369 2558 atque
1390 2474 1416 2534 in

302 2572 418 2636 eadem
442 2570 686 2657 promulgatum
711 2572 877 2634 Decretum
908 2571 946 2633 de
971 2570 1062 2633 mede
1085 2570 1212 2633 vivendi
1235 2581 1265 2632 ιι
1289 2569 1366 2633 aliis
1390 2570 1418 2630 ιι

306 2669 445 2734 Concilio
470 2670 643 2733 servandis.

164 2772 178 2872 ξ)
196 2771 211 2872 ἓ
245 2781 293 2871 :0⁸
393 2768 445 2831 29.
493 2765 638 2831 Obortae
669 2777 780 2830 autem
811 2775 888 2828 sunt
918 2786 996 2828 mox
1020 2767 1053 2829 in
1080 2764 1229 2828 Concilio
1262 2765 1416 2850 quaedam

260 2859 265 2871 ’
303 2865 525 2945 difficultates,
549 2885 650 2949 quum
675 2863 779 2948 aliqui
804 2885 846 2926 ex
870 2864 1033 2947 episeopis
1057 2864 1197 2926 nimium
1222 2862 1265 2926 de
1289 2861 1417 2926 auctori-

301 2973 368 3026 tate
392 2985 452 3026 sua
476 2961 607 3025 solliciti
631 2961 833 3025 viderentur.
882 2960 1060 3046 Proposuit
1085 2961 1227 3024 Raecius
1249 2959 1417 3024 Marcellus

302 3062 476 3146 episcopus
489 3059 683 3139 Fesulanus,
708 3059 792 3121 utin
807 3058 988 3143 epigraphe
1001 3059 1208 3122 decretorum
1224 3058 1417 3123 adderentur

302 3159 344 3222 ad
370 3157 527 3242 majorem
553 3155 695 3220 Consilii
725 3155 920 3239 dignitatem
946 3155 1029 3219 haec
1053 3155 1176 3218 verba:
1212 3155 1417 3219 Universalem

302 3253 476 3319 Ecclesiam
504 3264 758 3340 repraesenteris,
789 3252 965 3338 pluresque
989 3254 1103 3317 Patres
1135 3254 1230 3317 initio
1261 3254 1332 3339 ejus
1355 3274 1415 3338 pre·

301 3353 457 3440 positioni
481 3351 712 3416 adhaeserunt.
760 3351 895 3434 Legatis
918 3361 1030 3414 tamen
1055 3350 1330 3436 repugnantibus
1354 3349 1415 3412 reli·

303 3453 359 3538 qui
384 3461 514 3536 praeter
536 3449 739 3514 Fesulanum
765 3449 946 3512 antistitem
977 3448 1018 3512 ab
1051 3450 1242 3534 importuna
1268 3451 1413 3534 petitione

303 3550 512 3630 destiterunt3
529 3547 713 3612 Fesulanus
727 3569 804 3610 vero
818 3547 985 3610 mordicus
998 3555 1260 3632 praeconceptae
1278 3545 1412 3631 opinioni

303 3646 488 3727 inhaerens,
515 3646 572 3709 diu
585 3667 653 3709 rem
668 3645 758 3709 haud
773 3647 1025 3708 convenientem
1041 3645 1259 3709 immoderate
1276 3643 1412 3728 urgebat.
1487 3697 1488 3716 2

302 3745 476 3808 Rationem
501 3765 613 3807 veram
639 3766 678 3807 ae
710 3745 855 3807 maxime
886 3742 1070 3823 fundatam,
1110 3766 1170 3806 cur
1199 3741 1302 3825 legati
1333 3740 1411 3804 illem

302 3841 506 3928 epigraphen
531 3863 597 3904 non
622 3841 865 3905 admittendam
891 3851 1079 3922 censerent,
1111 3841 1174 3925 ipsi
1200 3845 1411 3925 exposuerunt

303 3941 338 4002 in
362 3938 500 4024 epistola
532 3939 575 4003 ad
598 3939 794 4002 Pontificem
826 3939 964 4022 scripta3
1003 3961 1036 4002 se
1068 3937 1228 4001 videlieet
1257 3945 1410 4002 aversatos
1487 4001 1488 4004 Ἴ

303 4060 377 4101 eam
390 4039 638 4122 inscriptionem
651 4037 693 4102 ob
707 4039 900 4100 memoriam
913 4035 1100 4118 verborum,
1115 4058 1200 4121 quae
1211 4033 1409 4099 Constantios

379 4251 396 4312 ¹)
417 4247 556 4312 Pallavie,
575 4248 609 4301 H.
630 4247 658 4302 O.
677 4249 707 4301 T.
728 4247 758 4305 L.
778 4248 810 4301 V.
832 4247 861 4304 O.
881 4247 955 4304 XVI.
