2964 4912
317 496 372 550 350
574 493 646 550 XLI.
665 494 724 547 ·De
743 493 932 548 Declaratione
951 492 1023 547 Cleri
1041 493 1185 547 Gallicani.

317 641 362 702 ita
387 647 498 701 tamen
523 648 558 700 ut
582 637 794 722 opinionibus
818 635 1000 700 Gallicanis
1031 659 1091 700 sua
1110 637 1188 721 jura
1212 646 1364 701 servaret.
1386 674 1421 684 —

318 737 461 800 Comitia
492 735 626 822 quidem
658 757 734 798 eum
765 737 800 798 in
829 734 930 798 finem
955 744 1137 798 convocata
1162 734 1364 814 dicebantur,
1393 743 1423 797 ut

316 835 485 917 negotium
510 833 551 896 de
574 833 698 918 regalia
723 843 992 918 componeretur,
1018 832 1077 896 sed
1099 833 1178 897 inde
1202 833 1245 896 ab
1270 834 1363 896 initio
1383 855 1423 895 re·

315 935 372 1016 gis
399 933 539 996 ministri
571 930 798 1012 intendebant,
831 939 867 993 ut
897 931 998 993 etiam
1030 929 1071 993 de
1103 930 1262 994 doctrinis
1286 941 1425 1013 ageretur

316 1041 348 1092 et
373 1028 589 1092 infallibilitas
614 1029 754 1092 Romani
779 1027 966 1092 Pontifioiis
989 1028 1191 1112 rejiceretur.
1237 1030 1315 1094 Jam
1339 1040 1425 1092 antea

315 1127 363 1190 Le
388 1126 508 1190 Tellier
532 1125 748 1190 cancellarius
780 1127 890 1210 regius
915 1127 1051 1211 ejusque
1075 1125 1163 1189 filius
1187 1125 1363 1190 Mauritius
1385 1148 1424 1188 ar·

315 1224 546 1310 cbiepiscopus
569 1223 776 1308 Rhomensis,
807 1233 961 1288 movente
985 1224 1119 1287 doctore
1144 1223 1337 1310 Cocquelin,
1362 1245 1425 1286 con-

315 1321 425 1386 silium
450 1322 532 1386 illud
563 1324 737 1406 cepissent,
771 1330 807 1384 ut
837 1344 896 1386 sex
927 1321 1083 1385 articulos
1107 1320 1342 1386 declarationis
1364 1319 1426 1384 Sor·

315 1421 454 1484 bonicae
478 1421 583 1484 forma
607 1419 751 1505 quadam
777 1422 882 1503 magis
906 1421 1057 1504 praecisa
1073 1429 1232 1505 tanquam
1250 1420 1426 1483 doctrinam

316 1519 484 1582 Ecclesiae
508 1517 702 1583 Gallicanae
726 1518 1006 1602 praescriberent;
1031 1517 1073 1581 ob
1098 1519 1217 1581 nimias
1241 1528 1355 1581 tamen
1378 1517 1427 1580 dil·

314 1616 476 1680 ficultates
501 1639 520 1680 a
544 1616 718 1680 desideriis
743 1615 948 1680 destiterant.
995 1614 1062 1680 Sed
1087 1615 1150 1678 hac
1174 1617 1352 1679 occasione
1378 1615 1427 1678 Co·
1476 1681 1477 1696 ,

314 1715 482 1778 mitiorum
507 1716 652 1778 maxime
680 1712 842 1780 Colbertus
866 1715 1016 1777 minister
1039 1715 1157 1797 regius,
1183 1715 1428 1800 archiepiscopos

313 1813 505 1876 Porisiensis
530 1822 562 1875 et
585 1814 620 1876 P.
645 1813 694 1876 Le
721 1810 836 1878 Cliniae
865 1811 1084 1875 confessarius
1107 1813 1218 1894 regius
1242 1811 1427 1876 declaratio-

313 1932 389 1974 nem
415 1910 630 1974 doctrinalem
655 1921 902 1994 promoverunt.
938 1909 1117 1973 Bossuetus
1141 1909 1220 1973 huic
1244 1910 1427 1974 tendentiac

312 2007 433 2071 frustra
457 2010 585 2090 restitit,
616 2031 654 2072 ac
680 2008 757 2072 dein
783 2011 964 2093 proposuit,
997 2016 1035 2070 ut
1066 2006 1181 2070 saltem
1205 2015 1339 2070 maturo
1364 2027 1427 2069 curn

313 2107 467 2169 examine
491 2108 590 2170 totius
614 2106 803 2170 traditionis
828 2107 979 2170 doctrina
1002 2104 1214 2186 lustraretur3
1247 2104 1309 2168 sed
1335 2103 1427 2168 archi·

313 2205 487 2288 episcopus
511 2205 706 2268 Parisiensis
730 2214 762 2268 et
786 2203 961 2267 Colbertus
990 2203 1087 2267 citius
1114 2224 1185 2266 rem
1209 2203 1427 2287 peragendam

313 2321 383 2364 esse
407 2302 475 2383 regi
500 2311 744 2385 persuaserunt.

163 2396 284 2508 {ggffl
401 2399 454 2464 42.
502 2398 556 2462 Ad
588 2401 729 2484 sepelias
759 2400 928 2482 negotium
959 2399 1048 2484 quod
1081 2405 1208 2482 spectat
1239 2419 1302 2460 rex
1338 2399 1426 2460 etiam

312 2505 389 2560 ante
406 2498 604 2560 sententiam
620 2498 848 2577 Comitiorum,
873 2496 981 2560 edicto
997 2497 1051 2560 die
1066 2495 1292 2560 aaoJanuarii
1307 2517 1339 2561 a.
1353 2493 1426 2558 1682

313 2595 389 2659 dato
423 2603 456 2658 et
485 2596 631 2678 registris
656 2593 797 2659 Senatus
822 2594 1016 2658 Parisiensis
1044 2595 1178 2674 inserto,
1210 2615 1284 2657 eam
1313 2593 1377 2656 sibi
1399 2599 1427 2653 nt

306 2693 362 2778 jus
393 2715 533 2757 coronae
565 2694 762 2762 vindicavit.
810 2693 1123 2776 Temperamentum
1147 2700 1259 2754 tamen
1284 2688 1424 2776 aliquod,

310 2790 518 2876 praesulibus
543 2791 741 2876 petentibus,
768 2790 956 2854 admiserat.
992 2791 1148 2853 Promisit
1171 2787 1337 2852 videlicet
1359 2789 1425 2864 fore,

311 2898 348 2951 ut
371 2889 413 2952 ad
438 2888 601 2952 beneficia
625 2912 710 2975 quaa
734 2889 921 2952 functiones
946 2887 1185 2952 ecclesiasticas
1209 2908 1364 2950 annexas
1382 2884 1425 2948 ha·

311 2986 436 3050 bebant
467 2996 596 3050 tantum
622 2989 684 3051 viri
709 2987 820 3051 idonei
847 2987 881 3048 vi
913 2985 1058 3070 regaliae
1089 2986 1361 3067 nominarentur,
1390 2993 1425 3046 nt·

310 3108 367 3170 que
400 3086 466 3171 ipsi
495 3086 704 3149 institutionis
735 3095 765 3147 et
792 3085 952 3147 missionis
980 3107 1077 3147 conse
1107 3083 1234 3146 Vicario
1259 3081 1425 3168 capitulari

311 3205 342 3247 se
366 3184 520 3248 sisterent.
568 3185 619 3247 Ita
644 3181 890 3262 existimabant,
915 3180 998 3244 illud
1022 3179 1110 3266 quod
1134 3179 1309 3264 spirituale
1335 3183 1369 3243 in
1388 3200 1426 3241 re·

309 3279 397 3364 galia
422 3290 491 3345 erat
514 3281 683 3346 Ecclesiae
708 3281 842 3344 omnino
866 3281 1010 3361 restitui,
1043 3289 1143 3364 atque
1166 3299 1244 3342 oum
1268 3277 1336 3342 hoc
1359 3289 1426 3340 tem·

310 3388 503 3462 peramanto
543 3387 781 3443 consenserunt
813 3379 957 3441 Comitia
994 3378 1180 3441 extensioni
1214 3376 1362 3460 regaliae
1398 3376 1424 3437 in

310 3497 424 3539 omnes
449 3476 614 3540 dioeceses
638 3477 731 3560 regni
758 3475 897 3556 Galliae,
924 3477 990 3538 imo
1015 3477 1102 3559 regis
1126 3477 1161 3538 in
1178 3472 1367 3538 Ecclesiam
1386 3493 1424 3535 re-

310 3576 493 3637 verentiam
519 3577 656 3638 summis
672 3573 829 3638 laudibus
843 3582 1035 3638 evexerunt.
1066 3571 1178 3636 Facile
1196 3580 1310 3636 autem
1327 3571 1422 3648 vides,

310 3671 398 3735 nullo
424 3671 520 3735 modo
545 3671 608 3735 hac
632 3673 760 3736 ratione
778 3672 856 3756 jura
880 3669 1050 3734 Ecclesiae
1075 3669 1167 3733 salva
1191 3669 1305 3750 fuisse,
1331 3687 1422 3755 quum

309 3771 409 3832 etiam
434 3771 505 3853 ipsa
528 3772 709 3834 nominatio
734 3768 776 3833 ad
800 3767 965 3832 beneficia
983 3770 1137 3830 vacantia
1159 3776 1191 3830 et
1207 3776 1422 3852 proventuum

309 3866 552 3930 administratio
577 3869 746 3952 usurpatio
770 3866 946 3930 arbitraria
969 3873 1086 3930 essent.

398 3964 452 4030 43.
501 3965 644 4028 Comitia
658 3965 777 4028 litteris
794 3964 847 4028 die
858 3961 1079 4027 3⁰Februarii
1096 3985 1124 4028 a.
1142 3962 1228 4025 1682
1246 3962 1289 4026 ad
1306 3961 1336 4027 S.
1347 3960 1421 4024 Pon·

309 4062 433 4126 tificem
458 4062 544 4126 datis
568 4062 609 4126 ab
634 4085 672 4126 eo
685 4065 861 4148 petierunt,
888 4070 923 4124 nt
937 4059 1081 4145 regaliae
1097 4062 1325 4124 extensionem
1342 4057 1420 4142 Apo·

309 4159 424 4223 stolica
463 4162 658 4224 auctoritate
691 4159 909 4224 confirmaret.
964 4158 1091 4222 Eadem
1124 4157 1266 4242 epistola
1296 4154 1419 4221 student

309 4258 444 4321 modum
480 4257 600 4341 agendi
634 4280 697 4343 quo
732 4259 782 4320 usi
813 4265 907 4340 sunt,
945 4265 980 4318 nt
1013 4255 1211 4340 prudentem
1247 4253 1417 4318 vindicare.
