3034 4894
290 460 324 511 70
567 459 731 515 XXXVIII.
750 458 791 512 De
811 457 929 512 Concilio
948 457 1109 512 Tridentino

291 615 418 688 praesto
454 612 575 683 essent,
609 602 663 666 vel
696 612 801 666 certe*
827 625 886 686 per
916 625 991 666 suos
1022 602 1198 682 Oratores3
1239 604 1409 687 episcopos

289 703 389 765 etiam
414 723 547 765 suarum
578 701 741 764 ditionum
772 699 998 781 admonerent,
1039 709 1075 763 ut
1110 701 1153 764 ad
1185 699 1275 764 idem
1306 704 1407 784 parati
1506 707 1507 782 ,

289 801 508 883 promptique,
530 797 647 874 forent,
680 821 757 861 cum
786 799 855 882 ipse
880 819 952 862 eam
978 797 1072 862 brevi
1098 809 1183 862 esset
1206 799 1411 862 indicaturus
1506 809 1507 838 ³

289 897 323 962 in
348 898 493 960 maxime
518 907 701 981 opportuno
726 893 843 959 Italiae
866 895 948 960 loce.

118 1016 280 1056 obstaturam<
380 994 431 1057 14.
478 993 524 1056 At
554 993 777 1058 protestantes
809 1015 885 1056 mox
910 993 1130 1073 declararunt,
1167 1015 1200 1056 se
1226 990 1410 1057 Concilium

123 1081 272 1180 Pmffiffffl'
290 1113 309 1156 a
327 1089 497 1155 Clemente
520 1093 723 1177 propositum
748 1091 844 1174 nolle,
870 1092 927 1156 sed
952 1090 1117 1184 postulare
1143 1089 1317 1155 Concilium
1340 1089 1412 1152 libe-

288 1213 367 1255 rum.
416 1190 614 1254 Franciseus
638 1211 716 1253 vero
731 1188 861 1253 Galliae
892 1212 962 1271 rex,
988 1189 1154 1253 simultate
1179 1200 1293 1253 contra
1318 1187 1412 1251 Caro-

288 1287 356 1356 lum
372 1287 501 1366 ductus,
515 1286 650 1372 Synodo
676 1287 895 1352 celebrandae
919 1290 1030 1351 animo
1043 1298 1167 1351 mutato
1186 1309 1252 1350 non
1267 1286 1412 1350 favebat.

291 1385 386 1450 Unde
410 1385 566 1450 Pontifex
591 1385 826 1450 Cardinalibus
860 1385 1018 1450 consultis
1043 1387 1238 1470 Imperatori
1271 1385 1411 1468 scripsit,

289 1484 320 1548 d.
346 1484 378 1548 d.
405 1485 463 1548 19⁰
486 1485 566 1569 Maji
601 1507 630 1549 a.
667 1484 769 1558 1531,
804 1484 867 1548 sibi
901 1484 1035 1569 quidem
1061 1483 1248 1548 Concilium
1281 1471 1412 1566 probari

287 1590 323 1644 ut
346 1591 580 1666 opportunum,
606 1582 663 1647 ubi
688 1583 722 1646 id
747 1585 920 1667 utriusque
944 1584 1091 1668 ipsorum
1108 1582 1216 1645 officia
1235 1581 1414 1644 Franciseo

286 1680 360 1761 regi
386 1682 633 1764 persuasissent,
674 1703 739 1764 quo
764 1680 1057 1744 ille-assentiretur
1085 1679 1141 1744 illa
1173 1681 1288 1761 forma,
1330 1701 1415 1764 quae

287 1779 372 1840 inter
396 1778 484 1861 ipsos
509 1790 718 1844 convenerat.
759 1778 915 1861 ,Verum,
941 1778 1065 1858 scribit,
1091 1780 1117 1840 si
1143 1778 1298 1841 videatur
1323 1775 1414 1839 Chri-

287 1875 507 1938 stianissimus
530 1875 612 1940 illud
637 1876 690 1941 vel
714 1876 861 1940 abnuere
897 1876 950 1939 vel
989 1875 1167 1957 retardare,
1205 1875 1266 1939 tibi
1293 1873 1418 1938 Caesar

286 1976 429 2057 ingenuo
463 1973 577 2054 fateor,
618 1997 670 2038 me
702 1977 820 2052 vereri,
860 1998 900 2038 ne
930 1978 955 2038 si
985 1974 1110 2060 absque
1142 1975 1213 2059 ejus
1251 1996 1416 2037 consensu
1507 2001 1508 2052 r

287 2083 501 2152 convocetur,
541 2073 702 2137 adversus
735 2096 836 2159 quam
870 2086 1066 2158 exoptamus
1101 2094 1152 2135 res
1188 2073 1336 2153 eveniat,
1376 2094 1417 2133 ac

286 2168 488 2233 Lutheranis
512 2193 594 2257 qnos
618 2173 660 2235 ad
685 2173 858 2257 aequiores
891 2172 1099 2235 conditiones
1132 2169 1323 2254 pertrahere
1354 2169 1415 2232 fcr-
1507 2189 1508 2194 ¹

285 2275 372 2329 tasse
396 2266 519 2351 liceret,
554 2269 655 2334 robur
679 2293 718 2333 ac
748 2271 844 2333 favor
875 2271 1072 2354 porrigatur,
1109 2290 1173 2352 quo
1205 2269 1418 2352 pervicacius

287 2364 518 2431 obdurescant.
566 2366 706 2444 Idcirco,
741 2390 783 2430 ne
815 2369 964 2451 graveris
996 2389 1081 2452 quae
1106 2368 1140 2429 in
1164 2387 1234 2428 rem
1264 2367 1332 2432 sint
1361 2386 1416 2426 cx-

286 2473 413 2546 putaro,
439 2463 520 2527 illud
547 2466 635 2528 enim
661 2467 824 2550 optimum
848 2466 939 2528 factu
963 2463 1202 2528 arbitrabimur
1227 2461 1315 2547 quod
1341 2485 1359 2524 a
1384 2478 1418 2524 re

260 2636 261 2639 Ἴ
286 2564 551 2645 proponetur.“¹)
598 2563 712 2627 Altero
737 2586 824 2627 anno
842 2563 956 2646 (1532)
983 2561 1125 2626 Comitia
1150 2561 1286 2646 Imperii
1312 2561 1418 2623 Ratis-

286 2659 393 2722 bonae
410 2659 525 2724 habitu
542 2671 630 2743 sunt,
655 2672 687 2725 et
702 2684 803 2747 quum
822 2661 962 2725 Carolus·
977 2661 1008 2722 V
1032 2662 1195 2744 angustiis
1210 2669 1420 2744 premeretur

286 2766 385 2843 atque
420 2780 462 2821 ex
486 2759 605 2822 Turcis
641 2781 762 2842 magna
798 2758 946 2844 pericula
979 2760 1152 2822 imminere
1182 2769 1341 2834 censeret,
1381 2766 1419 2820 ut

286 2856 454 2939 principes
493 2856 535 2920 ad
576 2857 724 2920 subsidia
770 2855 984 2920 concedenda
1022 2855 1220 2932 adduceret,
1267 2855 1420 2917 tredecies
1508 2899 1509 2914 .

288 2953 464 3038 Reliqioais
485 2954 686 3019 Lutheranis
711 2957 883 3035 concessit,
910 2955 1016 3018 donec
1040 2955 1075 3017 in
1093 2951 1241 3017 Concilio
1267 2973 1418 3016 oecume-

286 3054 360 3114 nico
385 3053 499 3116 omnia
522 3052 789 3138 disponerentur.
836 3053 936 3116 Brevi
963 3064 1073 3116 tamen
1098 3052 1284 3116 Turearum
1310 3051 1419 3133 impe-

285 3165 374 3214 rator
398 3150 586 3214 Solimanus
625 3174 666 3214 ex
699 3150 875 3214 Pannonia
906 3173 1005 3236 quam
1040 3151 1229 3214 devastarat
1262 3151 1419 3229 recessit;

287 3247 410 3312 Caesar
432 3271 512 3312 vero
544 3247 768 3313 eGermania
800 3251 834 3313 in
860 3250 1058 3334 Hispaniam
1093 3269 1287 3311 reversurus
1311 3245 1418 3309 Bono·

286 3348 362 3409 niae
388 3347 582 3410 Pontificem
610 3349 777 3426 convenit,
803 3347 917 3431 ibique
942 3348 1061 3410 iterum
1088 3346 1128 3409 de
1144 3342 1295 3408 Concilio
1321 3365 1419 3428 gene·

285 3443 346 3507 rali
385 3455 495 3508 actum
534 3456 593 3509 est.
648 3445 833 3508 Desideriis
867 3443 976 3508 Caroli
1017 3445 1134 3507 iterum
1169 3441 1325 3506 Clemens
1349 3442 1417 3504 Vll

286 3553 446 3626 quantum
473 3544 578 3627 potuit
602 3543 770 3623 satisfecit,
796 3564 949 3626 novaque
974 3541 1155 3626 diplomata
1177 3540 1208 3606 d.
1228 3539 1259 3603 d.
1289 3539 1346 3603 10(Ι
1361 3539 1419 3604 Ja-

285 3641 394 3706 nuarii
419 3663 448 3705 a.
477 3641 561 3705 1533
597 3641 640 3704 ad
672 3643 841 3726 principes
875 3640 916 3704 de
941 3641 1108 3724 proposito
1134 3660 1191 3701 suo
1217 3639 1420 3722 quantocius

286 3738 495 3802 convocandi
510 3737 651 3802 Concilii
677 3738 778 3818 dedit,
804 3760 843 3802 ac
859 3739 1048 3822 principum
1066 3738 1320 3800 consensionem
1338 3735 1418 3798 dein

286 3856 344 3918 per
358 3833 484 3898 litteras
501 3846 533 3899 et
548 3837 683 3899 nuntios
696 3835 896 3900 sollicitavit.
923 3834 988 3898 Sed
1007 3836 1174 3920 principes
1195 3843 1418 3918 protestantes

286 3934 406 3997 iterum
432 3931 619 3997 Concilium
644 3934 870 4017 efflagitarunt
894 3933 1037 4010 liberum,
1062 3943 1099 3996 ut
1123 3932 1281 3996 videlicet
1305 3933 1418 3995 Ponti·

286 4030 357 4093 ficis
380 4033 568 4096 auctoritati
591 4031 745 4115 Synodus
770 4054 836 4096 non
860 4032 1009 4095 subesset
1033 4041 1064 4094 et
1088 4053 1130 4094 ex
1155 4029 1223 4093 sola
1243 4029 1419 4114 Scriptura

363 4242 383 4308 ι)
404 4242 544 4305 Pallavm,
564 4243 598 4300 H.
619 4243 647 4299 C.
667 4244 705 4308 T,
726 4245 755 4297 L.
775 4245 826 4300 ΙΙΙ.
847 4245 875 4300 C.
889 4244 950 4298 VII.
970 4259 997 4296 n.
1011 4243 1036 4296 3.
