3288 4900
487 471 540 527 148
777 469 935 526 XXXVIII.
953 470 994 524 De
1013 470 1132 525 Concilio
1150 471 1317 526 Tridentino.

487 614 853 697 sione,³examinandos
869 614 1123 679 et'definioudos
1138 619 1316 679 reservat.⁴‘
1333 654 1372 665 -
1394 618 1534 682 Decreta
1551 621 1602 681 ae-

479 713 689 800 foranctioao's
708 711 824 776 addita
840 721 992 796 spectant
1006 716 1198 797 praesertim
1214 713 1423 778 collationem
1442 737 1602 779 sacrorum

487 810 656 892 ordinum,
703 819 736 872 et
775 812 981 873 erectionem
1020 812 1243 896 unionemque
1290 813 1528 897 parochiarum
1572 837 1602 878 ao

487 908 619 973 similia.

577 1005 652 1070 103.
685 1003 822 1090 ‘Operae
843 1008 987 1090 pretium
1011 1016 1060 1070 est
1084 1017 1196 1070 notare
1221 1007 1430 1074 decretorum
1455 1011 1599 1074 reforma·

317 1087 420 1178 :suasam
432 1090 477 1180 „022
486 1105 586 1169 tionis
625 1113 725 1188 caput
761 1125 897 1186 nonum,
945 1105 1040 1189 cujus
1078 1106 1249 1190 inscriptio
1285 1117 1350 1170 est:
1402 1106 1600 1182 Quaestoraa
1641 1179 1642 1190 χ

379 1213 422 1243 ⁸⁰·
487 1203 754 1288 eleemosynarum
794 1224 910 1265 acmen
947 1212 976 1265 et
1011 1224 1087 1266 usas
1128 1202 1261 1266 tollitur.
1321 1205 1549 1291 Indulgentiae
1580 1217 1602 1268 ct

486 1298 672 1387 spitamalcs
700 1301 825 1384 potios
859 1299 1030 1363 Oedipus-il
1068 1300 1240 1385 publicent.
1292 1302 1365 1366 Dae
1398 1304 1438 1367 de
1471 1305 1600 1391 capitulo

485 1399 695 1485 eleemosynas
710 1399 812 1483 prona
826 1398 995 1483 accipiant.
1036 1398 1122 1461 Ante
1141 1400 1319 1462 sessionem
1343 1400 1436 1464 illam
1454 1402 1603 1467 videlicet

484 1501 610 1563 trutina
623 1484 790 1582 expensae
805 1505 882 1559 sunt
898 1496 1099 1581 depravatae
1109 1498 1373 1562 consuetudines
1387 1500 1600 1585 quorumdam

484 1619 526 1661 ex
550 1599 599 1679 iis,
625 1597 682 1681 qui
707 1593 946 1680 profitebantur
970 1615 1090 1658 munus
1114 1593 1346 1679 promulgandi
1371 1597 1600 1681 indulgentias,

483 1695 632 1781 aliasque
645 1691 857 1778 Apostolicae
867 1692 963 1758 Sedis
975 1692 1166 1777 largitiones
1183 1694 1225 1757 ad
1240 1696 1397 1778 pietatem
1410 1705 1596 1779 spectantes,

483 1804 515 1857 et
539 1790 717 1876 colligendi
741 1814 760 1854 a
783 1790 915 1876 populis
931 1791 1157 1875 eleemosynas
1181 1791 1224 1854 ad
1240 1792 1461 1855 extruendam
1482 1816 1508 1857 s.
1526 1793 1599 1856 Petri

482 1891 655 1956 basilicam
678 1891 839 1974 variaque
854 1888 988 1974 templa,
1013 1898 1045 1952 et
1061 1888 1103 1952 ad
1120 1889 1186 1953 alia
1202 1891 1257 1974 pia
1272 1911 1371 1974 opera
1389 1890 1601 1954 conficienda.

482 1991 522 2054 In
535 1988 726 2075 hujusmodi
743 1987 916 2051 hominum
929 1988 1153 2051 conditionem
1167 1987 1352 2073 complures
1360 1989 1480 2053 Patres
1495 1992 1602 2053 acriter

482 2089 607 2152 invecti
617 2094 707 2167 sunt3
726 2087 897 2148 materiam
906 2085 1232 2171 abipsispraebitam
1240 2086 1368 2150 haeresi
1379 2087 1601 2165 Lutheranae;

482 2183 741 2251 innumerabiles
772 2203 884 2246 eorum
915 2184 1049 2247 fraudes
1080 2206 1159 2265 esse,
1188 2186 1225 2247 et
1251 2186 1436 2269 exquisitas
1460 2186 1600 2262 technas,

482 2283 604 2371 quibus
636 2279 831 2365 asimplici
862 2279 969 2365 plebis
1001 2283 1123 2367 pietate
1156 2282 1334 2366 pecuniam
1370 2282 1599 2367 emungebant.

424 2395 426 2398 ⁴
482 2382 596 2468 Aliqui
619 2389 732 2443 tamen
755 2377 870 2441 Patres
893 2380 1083 2444 restiterunt
1106 2389 1139 2443 et
1162 2388 1370 2460 censuerunt,
1395 2391 1536 2466 propter
1557 2380 1600 2442 ab·

481 2502 560 2545 usus
584 2477 745 2565 quosdam
769 2475 860 2539 haud
885 2499 926 2539 ex
942 2479 1068 2562 integro
1094 2498 1214 2540 munus
1237 2476 1421 2541 tollendum
1437 2501 1524 2561 esse,
1548 2499 1600 2564 quo

481 2578 594 2643 multis
617 2576 816 2640 nosocomiis
840 2583 872 2637 et
895 2576 959 2660 piis
981 2575 1062 2639 locis
1087 2575 1337 2657 consulebatur,
1371 2583 1403 2638 et
1427 2576 1549 2660 Legati
1571 2596 1600 2637 eo

482 2675 700 2755 inclinabant,
725 2683 762 2735 ut
784 2671 915 2755 legibus
938 2674 1138 2760 quibusdam
1162 2660 1395 2759 prouideretur
1418 2695 1462 2738 ne
1488 2675 1601 2739 abusus

476 2775 549 2862 jam
564 2774 636 2839 fieri
660 2780 802 2856 possent.
836 2768 903 2834 Sed
919 2772 1073 2836 Pontifex
1089 2771 1225 2857 Legatis
1249 2773 1456 2855 significavit
1482 2772 1599 2848 litteris,

482 2895 561 2940 suae
585 2872 705 2935 mentis
728 2882 809 2949 esse,
840 2868 982 2933 utillud
1015 2871 1234 2934 ministerium
1259 2871 1395 2933 omnino
1429 2870 1598 2934 tolleretur.

480 2973 578 3038 Tune
610 2969 780 3032 decretum
805 2965 870 3030 illis
893 2968 1006 3032 uerbis
1029 2969 1216 3032 confectum
1242 2976 1307 3030 est:
1343 2968 1482 3051 ,Quum
1508 2967 1598 3031 multa

481 3096 502 3136 a
524 3069 665 3134 diversis
680 3075 778 3151 antea
792 3062 961 3148 Conciliis,
985 3076 1053 3130 tam
1070 3067 1298 3148 Lateranensi,
1324 3089 1363 3129 ac
1375 3064 1597 3150 Lugdunensi,

481 3189 581 3256 quam
612 3164 814 3243 Viennensi,
852 3163 1012 3228 adversus
1040 3185 1159 3250 pravos
1193 3162 1481 3247 eleemosynarum
1515 3182 1595 3249 quae

480 3269 625 3332 stionum
650 3260 773 3325 abusus
796 3262 944 3326 remedia
973 3271 1054 3326 tunc
1085 3262 1236 3349 adhibita
1266 3260 1508 3346 posterioribus
1532 3270 1590 3323 ten·

478 3362 617 3452 poribus
647 3358 777 3423 reddita
809 3359 932 3423 inierint
964 3360 1104 3442 inutilia,
1136 3361 1311 3445 potiusque
1340 3380 1455 3422 eorum
1482 3358 1592 3422 malitia

480 3467 527 3527 ita
558 3457 714 3547 quotidie
737 3464 856 3540 magno
888 3457 1035 3522 fidelium
1060 3456 1391 3522 omnium'soandalo
1417 3466 1450 3520 et
1475 3453 1593 3543 querela

480 3577 671 3626 excrescere
696 3553 973 3638 deprehendatur,
999 3567 1035 3619 ut
1053 3556 1095 3620 de
1120 3578 1233 3619 eorum
1259 3554 1493 3619 emendatione
1518 3551 1594 3618 nulle
1642 3573 1643 3619 ῖ

481 3682 555 3747 spes
579 3653 722 3739 amplius
745 3651 861 3747 relicta
884 3655 1054 3718 videatur:
1085 3656 1209 3743 statuit,
1243 3663 1287 3716 ut
1309 3651 1447 3738 posthac
1479 3655 1514 3716 in
1538 3650 1594 3735 qui·

481 3759 687 3839 busoumque
712 3749 1103 3836 christianae'religionis
1127 3751 1207 3815 locis
1230 3772 1343 3814 eorum
1368 3771 1491 3814 nomen
1507 3760 1594 3832 atque

480 3878 560 3920 usus
584 3853 716 3939 penitus
740 3845 920 3931 aboleatur,
951 3872 1016 3914 non
1042 3849 1250 3914 obstantibus
1277 3848 1473 3934 privilegiis,
1504 3843 1592 3910 eccle
1642 3853 1643 3860 ’

481 3957 547 4034 siis,
573 3947 792 4028 monasteriis,
818 3947 1046 4034 hospitalibus,
1071 3950 1135 4033 piis
1155 3947 1236 4012 locis
1252 3956 1287 4010 et
1299 3943 1475 4033 quibusvis
1498 3944 1591 4028 cujus·
1642 3983 1643 3990 .

481 4071 624 4136 eumque
647 4046 780 4134 gradus,
806 4054 909 4110 status
933 4058 965 4111 et
988 4047 1159 4132 dignitatis
1182 4046 1332 4131 personis
1349 4045 1521 4121 concessis,
1544 4047 1592 4101 aut
1642 4128 1643 4134 ἵ

485 4149 781 4218 consuetudinibus
804 4145 1155 4210 immemorabilibus.“
1203 4143 1292 4208 Dein
1308 4142 1436 4228 reliqua
1459 4150 1589 4205 statuun-

479 4262 543 4331 tur,
570 4249 713 4333 quaein
738 4247 861 4311 decreti
886 4246 1101 4330 inscriptione
1125 4242 1271 4309 breviter
1287 4243 1474 4306 citavimus.
1506 4235 1588 4300 Com·
