3018 4902
440 505 553 560 Concilii
571 506 697 574 periodus
716 503 809 562 tertia.
1125 500 1184 560 ’159

18 715 19 726 2
82 655 151 714 tiam
163 652 421 730 conuenientem
437 661 473 714 ut
484 651 695 735 opinabatur,
713 649 840 712 studuit
852 647 1029 734 explicare.
1061 649 1183 729 Quam·

18 735 20 786 f
82 771 168 833 quam
184 771 264 835 opus
280 769 345 812 non
363 750 414 830 sit,
429 747 595 830 censebat,
611 757 648 810 ut
660 747 774 813 omues
791 748 937 831 episcopi
951 750 1148 812 nominatim
1165 769 1184 812 a

81 847 226 911 Pontifiee
236 859 453 925 assumantur,
471 867 586 910 omnes
596 856 708 908 tamen
719 845 890 929 episcopos
899 844 1061 928 adstringi
1072 845 1115 908 ad
1124 845 1184 908 Ra·

81 966 200 1008 manum
209 941 404 1008 Pontificem
419 954 589 1029 tamquam
605 963 794 1028 supremum
809 942 998 1017 colendum
1016 943 1085 1006 esse
1099 945 1133 1010 iu
1146 963 1183 1008 eo

81 1041 303 1125 plenitudinem
317 1041 571 1128 jurisdictionis,
596 1041 654 1104 sod
669 1061 765 1103 usum
782 1049 813 1103 et
825 1027 997 1104 materiam
1015 1063 1115 1126 quam
1130 1039 1185 1104 ille

80 1141 228 1225 episcopis
252 1138 451 1220 destinabat,
476 1161 543 1203 non
557 1161 653 1224 posse
670 1137 797 1224 absque
808 1138 898 1222 justa
914 1147 947 1201 et
963 1149 1185 1202 consentanea

79 1259 165 1302 causa
188 1239 267 1323 ipsis
291 1237 430 1318 auferri3
456 1236 692 1300 declarandum
710 1235 902 1320 plasmasse,
927 1238 1099 1322 episcopos
1109 1238 1185 1322 jure

79 1333 181 1398 divino
204 1337 389 1421 superiores
413 1357 485 1400 esse
508 1333 720 1420 presbyteris.

155 1435 225 1500 116.
257 1433 483 1517 Lethes-iuges
507 1434 681 1497 occasione
706 1430 794 1494 illius
817 1431 979 1496 tumultus
1003 1431 1089 1495 dixit
1112 1431 1185 1495 sub-

78 1533 164 1595 missa
187 1554 269 1596 voce
293 1556 312 1596 a
336 1534 453 1617 paucis
486 1531 625 1611 audita,⁴
643 1530 701 1593 sed
733 1529 864 1593 turbato
895 1529 990 1592 vultu
1014 1552 1034 1592 a
1059 1532 1186 1608 cunetis

78 1641 255 1714 conspecto:
292 1629 386 1694 Haec
409 1629 530 1712 agendi
554 1631 638 1692 ratio
662 1636 753 1691 recta
777 1650 842 1692 non
867 1637 931 1708 est,⁴
959 1649 1117 1691 neceam
1149 1630 1186 1691 in

77 1729 211 1794 animum
242 1728 461 1792 induxissem.
509 1727 553 1790 Et
583 1726 625 1790 ad
659 1726 741 1791 duos
769 1725 936 1810 praesules
961 1727 1016 1810 qui
1042 1725 1084 1788 ad
1109 1728 1185 1788 euin

77 1836 281 1908 accesserant,
316 1847 418 1911 quum
443 1827 506 1888 ista
531 1825 571 1890 de
595 1847 630 1887 rc
653 1824 857 1909 loqueretur:
890 1822 922 1887 Si
950 1823 1040 1908 quid,
1065 1824 1185 1908 inquit,

77 1919 252 2007 hujusmodi
283 1922 377 1989 Gallo
407 1925 553 2009 cuipiam
578 1922 762 2004 accidisset,
785 1931 946 1985 actutum
972 1941 1031 2003 ego
1055 1920 1098 1984 ab
1123 1921 1186 1984 hoc

76 2032 227 2086 conventu
252 2021 297 2086 ad
312 2022 485 2107 Synodum
508 2020 696 2085 liberiorem
712 2040 955 2104 provocassem.
985 2019 1187 2082 Mantuanus

74 2115 188 2201 legatus
203 2121 364 2206 postridie
387 2122 422 2184 in
438 2121 702 2204 Congregatione
726 2118 820 2201 gravi
845 2137 994 2180 sermone
1019 2117 1186 2202 praesules

77 2215 108 2278 de
128 2219 272 2283 tumultu
296 2218 526 2304 praecedentis
550 2217 616 2280 diei
641 2217 830 2288 admonuit;
860 2214 937 2278 dein
962 2237 1041 2278 vero
1067 2215 1186 2279 Letha-

76 2316 185 2399 ringus,
211 2319 307 2403 quasi
332 2315 526 2379 laudaturus
551 2314 655 2378 verba
670 2313 844 2377 Mantuani
869 2312 932 2376 sibi
958 2313 1087 2376 aditum
1111 2333 1186 2399 ape-

75 2413 138 2494 ruit,
169 2425 206 2478 ut
234 2415 359 2498 pariter
390 2412 536 2477 modeste
566 2414 778 2497 graviterque
808 2413 984 2495 castigaret
1005 2411 1186 2475 tumultum

76 2513 255 2595 excitatum,
288 2534 327 2575 ao
350 2513 558 2596 potissimum
583 2532 647 2590 eos,
679 2512 736 2594 qui
767 2507 970 2593 protulerant
993 2511 1028 2573 in
1052 2507 1186 2573 Gadita·

18 2667 19 2670 ,
75 2628 160 2672 num:
198 2609 419 2694 „Anathema
452 2607 674 2689 comburatur,
707 2608 893 2671 haereticus
924 2609 1003 2671 est.“
1050 2608 1187 2692 Legatis

18 2767 20 2784 ζ
75 2704 134 2787 ejus
157 2729 265 2771 sermo
290 2706 381 2771 haud
405 2706 584 2792 displicuit,
616 2716 649 2770 et
677 2728 778 2791 supra
808 2715 940 2768 centum
964 2706 1079 2769 Patres
1110 2725 1186 2769 eum

18 2853 19 2880 ἶ
75 2805 332 2889 comprobarunt.
361 2805 426 2870 Sed
443 2804 602 2888 Caselius,
627 2806 683 2890 qui
699 2802 906 2886 intelligebat
920 2803 1186 2888 objurgationem

74 2904 244 2982 generatim
275 2902 399 2966 dictam
424 2923 545 2985 magna
569 2911 728 2987 exparte
752 2903 786 2965 in
811 2923 845 2964 se
870 2901 998 2980 cadere,
1019 2923 1021 2928 ’
1042 2921 1110 2964 non
1152 2923 1186 2964 se

74 3001 226 3064 continuit
265 3010 302 3064 ut
340 3000 503 3086 quaedam
542 3022 622 3085 apre
658 3003 841 3084 reponeret.
887 2997 1054 3063 Videlicet
1090 2998 1185 3080 dixit,

74 3101 196 3162 unume
213 3100 350 3183 Legatis
374 3122 393 3162 a
417 3121 453 3162 se
476 3098 628 3162 auditum
652 3098 763 3176 fuisse,
789 3098 880 3182 ipsis,
896 3096 1049 3160 nonaliis
1074 3117 1108 3160 se
1132 3097 1186 3161 ob·

73 3195 412 3279 temperaredebere3
447 3197 474 3262 si
498 3194 622 3259 vellent
645 3195 787 3280 Hispani
819 3193 960 3258 aliorum
993 3194 1090 3258 dictis
1119 3215 1187 3259 non

73 3293 141 3373 peti,
174 3315 310 3358 oausam
326 3295 377 3359 'ab
401 3293 466 3358 illis
490 3293 716 3379 praebendam
741 3314 807 3357 non
832 3295 914 3374 esse,
938 3290 1091 3355 haereses
1115 3313 1186 3375 pro-

74 3385 209 3456 ferendo.
258 3390 433 3477 Quidquid
464 3392 571 3477 pridie
602 3392 833 3476 pronuntiarat
864 3389 905 3454 de
934 3389 1093 3454 Gaditani
1124 3410 1186 3452 ser-

75 3504 170 3568 mone,
194 3498 284 3552 recte
299 3488 401 3553 fuisse
424 3491 685 3574 pronuntiatum,
710 3511 811 3574 seque
835 3496 965 3572 praesto
990 3508 1060 3550 esse
1084 3485 1128 3550 ad
1151 3485 1187 3550 id

73 3585 235 3668 tuendum,
261 3587 351 3650 etin
375 3595 472 3653 coetu
495 3595 528 3649 et
551 3595 645 3650 extra
660 3595 800 3651 coetum.
827 3584 922 3664 Quae
938 3583 1043 3648 verba
1057 3584 1187 3649 cunetis

1214 650 1333 691 Dtsaunto

1195 713 1354 754 versaremus

1212 776 1333 826 episcopio.

74 3681 248 3748 molestiam
273 3694 436 3763 crearunt,
460 3683 624 3769 planeque
650 3685 841 3764 effecerunt,
866 3692 901 3746 ut
926 3681 1075 3746 Caselius
1100 3681 1186 3746 dete-
1277 3761 1279 3766 ,

73 3777 183 3844 riorem
208 3781 249 3846 de
273 3804 307 3846 se
331 3783 522 3867 opinionem
546 3784 709 3846 exciverit
732 3804 775 3845 ex
798 3781 991 3846 defensione
1015 3802 1115 3866 quam
1144 3801 1187 3843 ex

74 3875 175 3962 culpa:
210 3882 368 3944 Attamen
391 3881 604 3966 reprehensio
629 3891 744 3966 suopte
768 3881 902 3965 ingenio
926 3878 1047 3942 acerba
1071 3887 1130 3959 est,
1155 3887 1187 3941 et

74 3993 162 4057 aegre
184 3978 358 4062 patiuntur
371 3979 523 4043 homines
538 3981 573 4043 in
587 3978 779 4063 hujusmodi
795 3978 907 4041 odioso
924 3997 1061 4040 munere
1077 3975 1187 4061 plures

75 4075 260 4156 superiores.
272 4077 296 4159 1)

144 4215 161 4286 Ι)
179 4215 213 4269 v.
232 4216 362 4274 Parum.
391 4215 422 4273 n.
442 4215 515 4270 xix.
545 4215 574 4273 e.
593 4216 627 4272 v.
659 4247 693 4256 -
723 4214 842 4270 retiner
864 4217 935 4269 Acta
954 4215 1032 4271 conc.
1057 4215 1132 4270 nu.
1149 4215 1187 4270 u
1264 4175 1266 4180 ¹

76 4283 123 4338 tea
140 4301 196 4355 sqq.
