3336 4908
310 473 352 528 De
369 472 534 528 Jansenismi
553 471 660 541 origine
678 478 707 527 et
723 474 878 541 progressu.
1102 472 1155 526 239

129 617 177 681 26.
224 616 336 697 Quum
370 638 466 701 porro
508 617 719 701 episcopatus
749 617 896 701 Iprensis
927 627 1075 696 vacaret,
1111 615 1154 679 ad
1201 616 1230 656 ³⁸
1231 625 1295 654 Μ

55 713 809 800 6661666666166166666166616.1,636
835 713 889 777 die
913 713 973 777 28⁰
989 714 1054 778 Oc
1041 713 1154 795 obr1s‚
1185 679 1312 790 66111118

54 814 285 894 consecratus.¹)
332 812 397 875 Per
422 813 522 876 breve
554 822 685 897 tempus
708 832 773 896 quo
805 811 983 874 dioecesim
1017 811 1155 875 admini-

53 911 161 990 stravit,
185 912 276 974 visus
300 921 351 974 est
373 909 459 974 bene
483 930 590 994 agere,
615 931 655 972 ac
679 910 713 972 in
738 907 935 972 Societatem
951 883 1032 974 Jesu
1056 911 1155 974 etiam

52 1009 183 1072 animum
215 1017 379 1089 mutasse3
420 1005 518 1070 nullis
549 1007 637 1070 enim
669 1007 815 1072 Jesuitas
846 1008 958 1070 affecit
988 1007 1156 1074 molestiis

52 1103 104 1166 Sed
120 1105 293 1190 Aepustino
318 1126 376 1168 suo
392 1104 543 1168 ultimam
568 1103 719 1168 admovit
735 1125 881 1184 manum,
901 1106 1039 1191 jamque
1052 1108 1156 1191 petiit,

51 1224 82 1264 ac
103 1203 153 1267 die
176 1192 237 1268 20⁰
260 1204 413 1268 Jannarii
438 1225 468 1266 a.
494 1202 580 1266 1638
614 1200 761 1266 obtinuit
784 1202 994 1287 privilegium
1028 1206 1156 1288 regium

50 1303 274 1382 necessarium,
307 1311 343 1364 ut
371 1301 515 1364 Lovanii
548 1298 631 1363 illud
662 1301 809 1384 imprimi
839 1309 958 1388 posset.
970 1301 996 1379 2)
1045 1300 1157 1380 Quum

49 1420 114 1461 vero
138 1400 256 1463 studiis
280 1399 447 1462 continuis
479 1408 511 1460 61
539 1398 666 1480 ingenti
696 1395 809 1460 labore
840 1396 937 1461 valde
977 1398 1158 1464 exhaustus

49 1509 128 1576 esset,
167 1498 264 1560 initio
293 1495 374 1559 Maii
407 1518 437 1560 a.
473 1495 558 1559 1638
593 1495 738 1580 maligno
771 1495 895 1578 morbo,
930 1498 986 1581 qui
1012 1497 1083 1581 jam
1116 1520 1157 1560 ex

49 1593 163 1658 duobus
195 1596 293 1659 annis
324 1593 410 1677 Ipris
440 1592 652 1678 regnabat,³)
691 1604 874 1678 correptus,
915 1593 969 1657 die
1001 1596 1039 1659 6⁰
1069 1593 1157 1658 illius

49 1695 156 1756 mensis
179 1713 286 1757 annos
310 1702 438 1755 tantum
464 1692 707 1777 quinquaginta
731 1701 871 1778 quatuor
903 1703 999 1756 natus
1028 1716 1070 1756 ex
1094 1692 1157 1757 hac

49 1792 106 1853 ritu
135 1791 286 1855 decessit.
315 1789 439 1867 ,Juxta
470 1811 509 1853 ea
541 1811 626 1874 quae
660 1790 760 1853 refert
787 1790 897 1874 Rapiu
928 1790 969 1871 (Ι.
995 1790 1032 1854 L.
1060 1791 1154 1857 VIII.

47 1888 151 1972 6368)
168 1911 245 1952 cum
261 1888 390 1951 sincera
413 1889 535 1971 pietate
560 1909 635 1951 eum
660 1887 780 1951 obiisse
806 1887 945 1966 dixeris3
971 1909 1075 1969 ‚avec
1100 1889 1157 1953 des

48 2008 188 2072 marques
215 1987 314 2051 d’une
338 1985 383 2048 161
408 1987 487 2048 vive
511 1993 543 2047 61
567 1983 645 2048 d'un
670 2006 786 2048 amour
810 1984 850 2048 de
868 1986 955 2050 Dieu
980 1987 1036 2071 qui
1060 1997 1157 2070 parnt

47 2086 164 2149 sincere
196 2086 218 2147 ὲ
250 2105 335 2146 ceux
368 2083 424 2168 qui
456 2105 495 2145 en
527 2082 637 2145 furent
667 2081 714 2146 les
744 2084 921 2149 temoins.“
967 2084 1157 2170 Antequam

48 2196 220 2247 moreretur
243 2180 405 2267 ejusmodi
430 2180 509 2243 fecit
533 2180 573 2243 de
598 2201 696 2265 opere
720 2202 778 2243 suo
795 2180 991 2266 Aepustinas
1015 2181 1157 2246 declara-

45 2281 174 2345 tionem:
206 2281 272 2364 Epo
301 2275 463 2341 Cornelias
487 2277 675 2356 Jansenias,
699 2279 763 2341 Dei
785 2288 814 2341 et
838 2277 1041 2365 Apostolicaa
1065 2277 1158 2343 Sedis

45 2381 140 2461 pratia
163 2379 344 2464 Episcopus
357 2377 509 2461 iprensis,
534 2376 572 2439 de
596 2399 665 2439 666
681 2375 782 2440 libera
797 2375 958 2440 66166616
975 2378 1014 2440 do
1031 2377 1157 2447 6161666

46 2479 139 2540 66616
164 2499 236 2539 666
258 2475 379 2558 scripta
402 2474 446 2536 ad
469 2474 711 2559 applicationem
734 2497 758 2538 s.
788 2472 959 2561 Aapastiai
980 2478 1158 2561 spectantia

48 2570 215 2660 Capeliano
230 2593 296 2635 666
316 2570 492 2656 1169166116
510 2572 657 2650 Lernaeo,
676 2573 801 2657 partim
816 2573 892 2656 quia
914 2596 1025 2658 mapno
1051 2573 1157 2638 labore

45 2693 75 2733 66
104 2672 235 2758 scripsit
263 2667 313 2733 661
343 2670 486 2746 dictauit,
512 2671 635 2754 partim
665 2671 739 2755 qaia
770 2672 837 2733 sine
869 2670 1029 2757 61916611,
1065 2674 1159 2757 copia
1186 2673 1187 2676 ’

44 2771 151 2856 corripi
174 2790 240 2831 non
257 2777 372 2852 potest.
409 2767 482 2830 Hac
497 2778 602 2831 16666
623 2777 723 2830 66616
739 2768 819 2830 hanc
835 2767 1037 2831 donationem
1052 2770 1158 2854 facie,

44 2877 71 2928 at
92 2891 159 2931 cam
183 2865 373 2929 doctissimis
396 2865 475 2928 airis
497 2865 662 2948 mapaifico
687 2865 813 2929 doraino
837 2864 964 2928 Liberto
978 2867 1158 2930 Fromondo

44 2974 67 3024 et
93 2963 265 3028 reverando
295 2963 421 3026 domino
447 2963 585 3026 Hearico
614 2962 730 3027 Caleno
758 2961 916 3027 Canonico
942 2963 1161 3027 Meciliaieasi
1231 2961 1233 2965 ’

43 3063 180 3144 conferat
211 3071 240 3123 61
270 3061 421 3145 disponat
451 3060 490 3122 de
521 3061 659 3124 editione
689 3084 782 3146 quara
804 3061 1001 3144 fidelissime.
1051 3060 1159 3126 Sentio

44 3162 117 3221 6616
150 3158 277 3244 aliquid
305 3158 477 3244 difficulter
507 3159 625 3221 matari
651 3182 755 3244 posse.
809 3158 847 3222 Si
877 3171 981 3222 16666
1013 3161 1160 3223 Romana

45 3417 110 3469 aussi
123 3415 287 3483 d'employer
299 3413 358 3469 leur
376 3413 463 3468 credit
481 3429 548 3481 pour
565 3416 664 3481 proner
683 3429 712 3468 ce
724 3413 767 3468 bel
786 3422 914 3482 ouvrage.
935 3420 963 3468 et
974 3430 1041 3482 pour
1054 3414 1079 3467 16
1092 3414 1161 3468 faire

43 3496 128 3561 valoir,
148 3512 179 3551 ce
192 3495 238 3561 qui
257 3511 291 3548 nc
309 3494 369 3548 leur
387 3494 431 3548 161
449 3510 497 3561 pas
516 3493 634 3559 difficile,
654 3511 699 3547 car
718 3509 752 3548 en
770 3495 884 3548 matiere
903 3494 936 3548 de
954 3495 1047 3560 satire,
1067 3493 1160 3549 c‘etait

43 3589 90 3629 une
108 3577 183 3643 pisce
202 3574 343 3628 achevee.“

112 3676 130 3739 ¹)
150 3674 247 3726 Plures
272 3672 409 3725 candidati
438 3672 651 3735 akPraesulibus
676 3671 767 3740 Belgii
801 3687 849 3739 pro
875 3672 1031 3739 episcopatu
1054 3673 1160 3738 Iprensi

44 3753 208 3816 praesentati
236 3760 308 3809 sunt.
345 3751 492 3806 Jansenius
517 3751 659 3819 speciatim
684 3752 718 3804 ab
743 3751 949 3819 Archiepiscopo
973 3752 1160 3806 Mechliniensi

44 3831 138 3886 Jacobs
156 3833 248 3886 Boane
276 3847 308 3884 ac
325 3831 388 3884 dein
407 3848 423 3884 a
442 3831 552 3889 consilio
571 3832 648 3898 regio
668 3832 868 3885 commendatas
894 3831 956 3884 fuit.
993 3831 1161 3885 Documenta

45 3926 107 3976 quae
126 3913 184 3981 6166
202 3911 397 3979 promotionem
415 3918 541 3978 spectant
566 3912 629 3965 vide
654 3928 697 3979 ap.
716 3910 994 3978 vandenpeereboon
1021 3911 1161 3965 Cornelius

44 3990 185 4047 Jansenius
204 3997 256 4046 etc.
295 3992 420 4045 Annexes
439 3991 538 4045 I-IV.

113 4082 133 4144 ²)
152 4083 185 4136 V.
198 4080 471 4148 Vandenpeereboom
489 4080 507 4137 l.
521 4097 542 4133 c.
562 4097 587 4146 p.
606 4081 653 4147 51;
674 4085 702 4134 et
720 4095 850 4133 summam
868 4078 1008 4147 privilegii
1026 4079 1161 4152 161666-

46 4160 121 4226 stino,
140 4161 197 4216 Fol.
215 4163 241 4219 4,
261 4160 423 4217 66116666.
444 4162 521 4216 1640.
543 4202 547 4213 .

112 4249 135 4318 ³)
154 4248 187 4304 V.
207 4247 478 4316 Vsndenpeereboom
497 4248 515 4303 l.
534 4264 556 4304 c.
576 4264 600 4315 p.
620 4249 663 4304 37.
