3336 4908
407 460 460 514 280
802 461 859 518 XL.
898 462 937 514 De
955 461 1135 516 Jansenismo.

407 603 594 667 firmissime
625 602 807 686 inhaerere,
839 614 871 668 et
894 629 913 669 a
938 604 1036 668 dictis
1061 615 1201 690 quatuor
1226 607 1389 690 episcopis
1412 627 1510 668 veram

349 705 353 716 '
407 710 440 762 et
462 701 595 765 totalem
621 699 855 784 obedientiam,
881 702 1030 787 adeoque
1054 703 1215 766 formulae
1239 725 1259 766 a
1282 703 1426 789 praefato
1448 702 1511 766 Alc·

406 799 534 863 xandro
559 799 667 862 editae
691 801 817 863 sincere
841 822 901 885 per
924 822 978 864 eos
995 799 1160 864 subscribi
1175 799 1320 866 voluisse
1337 800 1511 883 declaravit,

406 896 553 982 aliquam
577 898 612 961 in
635 906 703 960 tam
734 899 829 982 gravi
853 899 985 983 negotio
1010 900 1241 983 exceptionem
1273 921 1331 962 seu
1354 900 1512 962 restrictio·

407 1017 493 1077 nem,
523 1017 622 1080 quam
646 994 771 1060 nullam
795 1017 928 1080 prorsus
952 1018 986 1060 se
1010 1018 1156 1081 unquam
1181 996 1404 1060 admissurum
1428 997 1513 1059 fuisse

406 1101 603 1178 protestatus
626 1094 698 1175 fuit,
723 1095 832 1178 reipsa
855 1095 1105 1177 admisisset.“1)
1152 1096 1203 1158 Ite
1227 1097 1327 1159 etiam
1352 1117 1451 1180 quum
1470 1117 1514 1179 sy·

407 1190 513 1255 nodus
522 1192 732 1256 Pistoriensis
746 1192 867 1257 similia
883 1195 1085 1272 asseruisset,
1111 1195 1276 1258 sententia
1288 1193 1373 1258 haec
1382 1194 1462 1258 aPio
1472 1194 1514 1256 VI

406 1290 441 1352 in
466 1287 708 1354 Constitutione
731 1290 899 1354 Auctorem
912 1291 995 1375 fidei
1027 1292 1185 1355 damnata
1208 1301 1266 1355 est.
1307 1293 1385 1374 ‚,13.
1408 1293 1513 1376 Propo-

366 1409 370 1426 ·
407 1386 481 1448 sitio
505 1385 608 1450 relata
631 1389 717 1451 inter
740 1397 814 1453 acta
839 1389 967 1472 synodi,
1000 1410 1086 1473 quae
1114 1390 1224 1452 innuit
1249 1387 1450 1454 Clementem
1470 1391 1513 1454 IX

406 1506 523 1569 pacem
537 1485 707 1550 Ecclesiae
730 1486 915 1551 reddidisse
937 1508 997 1572 per
1012 1485 1286 1571 approbationem
1306 1487 1514 1550 distinctionis

401 1582 487 1666 juris
511 1591 543 1644 et
565 1583 643 1646 facti
668 1584 703 1649 in
719 1583 961 1669 subscriptione
984 1584 1168 1648 formularii
1193 1584 1235 1648 ab
1253 1584 1444 1649 Alexandro
1457 1584 1514 1648 Vll

406 1681 617 1764 praescripti3
649 1681 743 1762 falsa,
772 1684 957 1764 temeraria,
994 1681 1156 1746 Clementi
1181 1683 1232 1746 IX
1266 1683 1457 1768 injuriosa.“
1478 1719 1513 1728 —

406 1775 447 1841 Id
482 1779 586 1864 igitur
611 1801 652 1842 ex
684 1778 735 1842 his
766 1779 953 1843 firmissime
984 1788 1121 1860 constat,
1150 1780 1244 1865 quod
1267 1782 1315 1844 rei
1342 1791 1441 1865 caput
1465 1791 1512 1858 est,

408 1872 611 1940 Clementem
643 1877 693 1940 IX
726 1877 913 1942 nullatenus
947 1878 1130 1958 admisisse,
1170 1877 1322 1960 sufficere
1361 1879 1513 1942 silentium

406 1971 639 2057 obsequiosum
675 1975 785 2060 quoad
818 1974 1068 2039 attributionem
1103 1977 1221 2038 erroris
1259 1974 1345 2040 libro
1377 1975 1513 2041 Jansenii

405 2069 560 2137 factam.-

278 2170 384 2246 ΝΗ
498 2170 550 2235 68.
595 2170 851 2236 Advertendum
881 2171 919 2234 2⁰
950 2181 1016 2251 est,
1056 2173 1226 2256 negotium
1266 2170 1349 2236 illud
1389 2181 1513 2257 quatuor

271 2245 300 2274 ¹¹⁰
316 2245 364 2276 Μ’
407 2269 637 2353 episcoporum
667 2268 769 2333 fuisse
800 2269 1069 2333 molestissimum
1102 2291 1141 2333 ac
1166 2269 1358 2333 discrimine
1382 2269 1512 2354 plenum.

406 2364 479 2428 Rex
509 2368 658 2450 petierat,
691 2377 728 2430 ut
752 2368 905 2452 ‘episcopi
936 2368 970 2430 in
997 2367 1053 2452 jus
1077 2376 1285 2448 vocarentur,
1319 2368 1377 2432 sed
1402 2375 1511 2430 mutato

406 2464 517 2527 animo
550 2464 704 2548 urgebat,
741 2474 790 2546 ut,
827 2463 978 2528 adhibita
1002 2465 1222 2529 conveniente
1245 2466 1453 2550 reparatione
1480 2484 1512 2525 ex

406 2572 499 2646 parte
534 2565 777 2648 episcoporum,
816 2562 1004 2626 conciliatio
1040 2564 1195 2645 iniretur3
1234 2564 1322 2626 inter
1357 2564 1512 2646 episcopos

407 2659 536 2726 Galliae
574 2662 710 2746 agitatio
750 2660 934 2746 periculosa
967 2671 1082 2724 exorta
1114 2671 1184 2725 erat
1218 2683 1258 2725 ac
1294 2659 1512 2724 deferebantur

405 2781 563 2840 rumores,
595 2761 696 2823 etiam
720 2759 763 2823 ab
787 2761 951 2845 episcopis
975 2757 1176 2823 Germaniae
1208 2759 1423 2823 metuendum
1446 2777 1509 2820 essa

408 2855 507 2937 Quod
529 2859 770 2943 reparationem
795 2859 913 2921 attinet
934 2857 1214 2922 considerandum
1230 2865 1289 2936 est,
1315 2859 1349 2920 in
1367 2851 1509 2942 ejusmodi

406 2957 548 3037 negotiis
571 2956 727 3040 primario
752 2957 806 3040 agi
830 2955 871 3019 de
887 2955 967 3041 foro
992 2966 1132 3034 caterno,
1156 2962 1320 3039 quatenus
1343 2976 1444 3040 quum
1465 2971 1509 3036 per

405 3051 558 3138 publicae
581 3053 724 3117 Litteras
753 3046 933 3139 pastorales
958 3054 1104 3138 episcopi
1128 3051 1175 3115 illi
1199 3053 1407 3116 restrictione
1429 3069 1508 3134 appo·

406 3151 469 3215 sita
499 3150 619 3216 Sacrae
652 3151 747 3217 Sedis
772 3151 1008 3216 Constitutioni
1033 3151 1261 3230 obviaverant,
1294 3171 1353 3234 per
1383 3148 1507 3234 aliquem

405 3258 517 3313 actum
540 3248 713 3334 publicum
737 3272 831 3314 suam
856 3248 1110 3313 submissionem
1127 3257 1337 3316 testarentur.
1369 3247 1507 3312 Jamvero

405 3347 634 3412 formularium
656 3347 842 3412 Alexandri
867 3349 934 3411 VII
962 3349 997 3411 in
1021 3345 1110 3409 hunc
1134 3366 1272 3430 scopum
1296 3345 1423 3409 editum
1444 3349 1505 3418 erat,

406 3456 442 3509 ut
466 3447 536 3531 ejus
560 3447 802 3531 subscriptione
835 3444 977 3530 simplici
1007 3453 1167 3529 tanquam
1199 3453 1332 3525 tessera,
1369 3442 1460 3528 plena
1483 3445 1506 3500 et
1558 3529 1559 3532 Ἴ

405 3543 515 3608 totalis
539 3543 728 3609 obedientia
753 3565 830 3627 erga
848 3541 1329 3607 Constitutiones'Pontificum
1354 3543 1505 3605 constaret.

406 3643 472 3705 Per
504 3641 604 3705 talem
635 3643 911 3726 subscriptionem
942 3643 1054 3726 itaque
1078 3642 1112 3703 in
1136 3639 1206 3704 foro
1235 3649 1372 3703 externo
1396 3649 1425 3703 et
1441 3633 1504 3722 juri·
1558 3637 1559 3682 l

406 3738 480 3802 dico
512 3749 588 3826 apte
610 3742 773 3825 reparatio
798 3739 908 3819 fiebat,
934 3749 966 3802 et
989 3737 1022 3803 S.
1047 3737 1158 3818 Sedes
1191 3739 1219 3800 si
1250 3737 1503 3822 subscriptionem

406 3837 569 3922 ejusmodi
592 3838 714 3902 facum
738 3859 809 3902 csse
833 3839 863 3901 ei
886 3835 1091 3901 referebatur
1114 3858 1173 3921 per
1196 3835 1269 3899 illes
1289 3837 1462 3921 episcopos,
1480 3837 1503 3889 et

406 3933 665 3999 confirmabatur
695 3959 714 4000 a
747 3937 897 4022 personis
936 3932 1097 4019 publicis,
1133 3933 1176 3996 ad
1215 3955 1298 4018 quas
1336 3953 1431 3998 causa
1461 3924 1502 3990 illa

489 4167 508 4232 ¹)
532 4167 565 4221 V.
593 4167 699 4219 Bullam
727 4166 840 4220 Vineam
868 4164 974 4218 Domini
1003 4163 1032 4216 in
1059 4163 1180 4217 Bullari0
1211 4163 1241 4216 T.
1270 4163 1348 4219 VIII.
1375 4177 1400 4230 p.
1422 4159 1451 4212 33
1470 4151 1499 4206 cd

404 4246 534 4303 Lnxemb.
555 4247 632 4303 1727.
