3336 4908
493 399 547 454 248
897 400 953 471 XL.
973 401 1013 481 De
1030 400 1210 455 Jansenismo.
1266 403 1270 408 ’

475 546 710 629 inspiratione
735 545 798 606 Dei
823 567 857 607 se
882 544 957 608 duci
984 554 1016 607 et
1039 544 1195 608 illustrari
1220 555 1416 626 autumaret,
1443 569 1477 609 se
1501 550 1602 609 consti·

493 640 609 709 tuebat
640 642 765 726 ingenti
798 645 987 726 arrogantia
1018 652 1054 705 ut
1086 643 1334 706 reformatorem
1368 642 1545 722 Ecclesiae,
1576 654 1603 705 et

494 740 717 825 patriarcham
743 741 845 823 partis
869 741 941 803 Deo
966 740 1130 819 addictae,
1161 740 1284 804 electae
1308 751 1407 825 atque
1432 740 1545 806 fidelis.
1567 779 1603 787 -

494 837 625 904 Similes
650 837 783 901 fuerunt
807 860 922 901 sensus
937 839 994 922 qui
1011 849 1086 923 post
1102 849 1240 902 mortem
1253 838 1404 923 Vergerii
1421 840 1456 901 in
1473 840 1604 902 factione

419 999 420 1004 ,
494 937 732 1018 Jansenistica,
772 958 810 998 ac
849 937 994 999 maxime
1034 938 1068 999 in
1104 935 1246 1000 ducibus
1284 936 1355 1022 ejus
1393 939 1605 1021 perstiterunt.

494 1034 515 1099 J
518 1033 635 1096 uvahit
658 1044 769 1095 autem
795 1033 873 1096 inde
889 1033 931 1096 ab
947 1034 1042 1096 initio
1059 1033 1336 1117 animadvertere,
1360 1033 1486 1098 luctam
1505 1044 1605 1097 contra

494 1132 700 1197 Jansenistas
733 1132 765 1192 in
798 1129 907 1194 Gallia
939 1129 1021 1194 adeo
1057 1131 1228 1195 difficilem
1260 1131 1372 1214 fuisse,
1408 1134 1488 1217 quia
1521 1130 1606 1194 simul

494 1230 561 1292 fere
597 1239 667 1292 orta
692 1239 739 1291 est
768 1229 939 1291 fluctuatio
979 1228 1109 1294 funesta
1142 1229 1182 1292 de
1214 1231 1411 1293 auctoritate
1443 1229 1605 1294 doctrinali

495 1349 647 1410 suprema
679 1336 711 1388 et
742 1324 909 1389 infallibili
941 1326 1081 1389 Romani
1114 1327 1294 1408 Pontificis,
1335 1337 1367 1391 et
1403 1323 1605 1391 ¹resuscitatae

495 1437 572 1488 sunt
602 1425 774 1508 opiniones
805 1423 907 1487 falsae
936 1422 1090 1488 Gersonii
1123 1435 1155 1487 et
1187 1427 1351 1488 sociorum
1380 1426 1485 1510 ipsius
1515 1424 1605 1488 indoli

495 1523 655 1607 primatus
679 1521 777 1591 valde
801 1522 976 1586 obnoxiae.
1023 1523 1073 1585 Ita
1097 1544 1199 1607 quum
1224 1524 1381 1586 veritates
1405 1522 1481 1587 illae
1506 1521 1606 1586 funda·

496 1619 656 1682 mentales
687 1621 721 1682 in
746 1620 885 1683 dubium
910 1631 1118 1698 vocarentur,
1152 1642 1211 1704 per
1234 1642 1268 1683 se
1297 1620 1410 1705 aliqua
1441 1644 1517 1684 curn
1539 1622 1607 1684 lan·

495 1719 629 1781 senismi
641 1718 814 1802 principiis
824 1719 968 1781 affinitas
977 1718 1187 1803 sequebatur.
1197 1718 1398 1782 Jansenistis
1406 1741 1485 1783 vero
1493 1721 1606 1782 occasio

495 1814 726 1901 praebebatur,
740 1827 775 1878 ut
787 1828 900 1879 contra
910 1816 1141 1880 damnationes
1154 1816 1191 1881 R.
1201 1816 1373 1880 Pontificis
1388 1840 1423 1880 se
1439 1828 1605 1895 tuerentur,

495 1925 597 2000 utque
621 1914 745 1977 luctam
771 1927 884 1978 contra
898 1937 932 1977 se
942 1916 1032 1999 ipsos
1045 1924 1332 1999 repraesentarent
1343 1924 1504 1999 tanquam
1516 1925 1605 1978 ortam

496 2035 538 2076 ex
563 2012 671 2076 studio
696 2015 850 2097 partium,
876 2014 1023 2092 exodio,
1049 2010 1242 2091 ambitione,
1267 2012 1407 2076 invidis.
1447 2015 1519 2077 Irno
1541 2011 1605 2075 inde

496 2113 596 2174 etiam
619 2111 744 2173 factum
770 2133 839 2173 essc
865 2110 1007 2190 videtur,
1033 2121 1069 2172 ut
1102 2132 1168 2173 non
1192 2112 1302 2194 pauci,
1328 2113 1485 2195 quamvis
1508 2112 1605 2175 Janse-

495 2209 602 2272 nismo
628 2229 693 2274 non
719 2209 850 2292 penitus
874 2231 944 2271 sese
968 2207 1172 2289 addicerent,
1198 2219 1310 2271 tamen
1334 2209 1486 2271 favorem
1510 2228 1604 2293 quen-

496 2307 572 2370 dam
597 2306 798 2369 Jansenistis
823 2305 1028 2370 exhiberent.
1053 2344 1096 2352 -
1121 2307 1189 2369 Ista
1213 2307 1314 2390 igitur
1338 2308 1371 2369 in
1389 2316 1459 2370 tota
1485 2306 1604 2369 historia

495 2405 699 2471 Jansenismi
731 2426 809 2488 prae
843 2403 947 2484 oculis
978 2403 1134 2467 habenda
1169 2414 1255 2467 sunt.
1312 2404 1410 2468 Modo
1445 2425 1604 2489 prosequa-

496 2525 571 2569 mur
596 2503 711 2586 paucis
736 2504 932 2586 praecipuos
957 2503 1050 2565 inre
1074 2511 1186 2565 nostra
1211 2512 1359 2566 eventus.

341 2637 468 2677 vsurram-
587 2617 639 2681 36.
689 2616 979 2696 Quemadmodum
1012 2619 1044 2680 in
1080 2617 1205 2700 Belgio,
1237 2619 1283 2680 ita
1314 2619 1415 2680 etiarn
1447 2619 1483 2680 in
1513 2614 1604 2680 Gallia

340 2699 473 2811 ,Zfflffifi
497 2738 556 2801 per
572 2715 750 2778 factionem
767 2715 917 2798 Vergerii
944 2715 1104 2779 doctrinis
1128 2716 1296 2779 faventem
1322 2716 1478 2779 effectum
1504 2726 1556 2791 est,
1578 2720 1603 2773 ut
1645 2744 1646 2748 ,

367 2825 449 2864 carus.
497 2815 680 2898 acceptatio
706 2812 820 2876 Bullae
845 2813 973 2877 Urbani
991 2813 1214 2877 VIIIc'ontra
1237 2813 1388 2877 Jansenii
1414 2812 1603 2897 Augustinus

496 2913 728 2976 retardaretur.
767 2913 904 2974 Interim
930 2922 1041 2974 tamen
1066 2913 1197 2974 Isaucus
1222 2911 1393 2991 Haliartos,
1421 2910 1535 2973 doctor
1548 2909 1602 2972 Sor·

496 3009 636 3074 bonicus
688 3019 719 3071 et
769 3018 882 3093 postea
929 3011 1104 3093 episcopus
1152 3008 1387 3086 Vabricensis,
1442 3006 1541 3070 verbo
1580 3011 1602 3064 et

497 3109 628 3192 scriptis
667 3107 836 3192 (Defensio
865 3107 948 3190 fidei
972 3107 1149 3184 Ecclesiae,
1191 3105 1290 3186 1643)
1329 3105 1515 3168 doctrinam
1541 3103 1602 3166 Jan-

497 3205 581 3268 senii
606 3205 801 3268 confutavit.
849 3204 911 3268 Oui
944 3227 985 3267 ex
1023 3204 1125 3268 altera
1157 3215 1250 3288 parte
1273 3203 1434 3267 Antonias
1458 3199 1602 3267 Amatis
1639 3219 1640 3290 f

497 3303 554 3386 qui
578 3323 616 3365 eo
641 3311 787 3385 ternpore
813 3303 1000 3368 doctoratus
1032 3301 1179 3365 lauream
1204 3303 1238 3365 in
1263 3299 1414 3364 Sorbona
1439 3308 1601 3385 acceperat,

498 3399 581 3463 duas
620 3401 774 3483 opposuit
813 3423 870 3484 pro
903 3401 1062 3467 Jansenio
1099 3399 1268 3484 apologias
1308 3399 1411 3481 (1644
1445 3410 1478 3462 et
1513 3394 1601 3477 1645).
1640 3420 1641 3429 ’

498 3496 654 3561 Attamen
679 3499 774 3560 initio
798 3500 876 3561 anni
893 3498 979 3563 1644
995 3497 1091 3560 Bulla
1103 3497 1231 3562 Urbani
1242 3495 1325 3560 VIII
1348 3499 1441 3580 regio
1467 3495 1600 3560 mandato

497 3595 539 3658 ad
566 3594 772 3658 Facultatem
804 3596 1024 3681 theologicam
1057 3595 1165 3660 delata
1190 3606 1247 3676 est,
1280 3606 1312 3657 et
1342 3595 1442 3680 paulo
1467 3604 1538 3679 post
1557 3591 1599 3653 Fa·

499 3692 603 3756 cultas
628 3695 695 3756 suis
719 3692 875 3756 omnibus
900 3715 1013 3757 severe
1038 3694 1194 3778 injunxit,
1220 3715 1258 3755 ce
1276 3693 1416 3778 aliquam
1432 3715 1448 3755 e
1464 3688 1600 3756 damnatis

499 3815 519 3853 u
532 3792 589 3854 Pt'o
609 3791 687 3853 Vct
715 3789 867 3875 Grsporio
885 3793 968 3855 XIII
986 3791 1261 3876 propositionibus
1279 3788 1557 3875 propupuarent.¹)
1569 3819 1598 3831 α

499 3889 564 3952 Sed
596 3910 695 3972 quam
730 3891 875 3952 maxime
906 3911 943 3952 eo
975 3900 1122 3973 ternpore
1146 3888 1297 3970 Vergerii
1330 3910 1431 3950 ausus
1460 3881 1599 3972 promovit

499 4066 707 4073 ——--.-...

576 4175 592 4236 ι)
613 4171 756 4238 Tournely‚
776 4173 816 4225 De
836 4172 941 4236 Gratia,
960 4177 1025 4228 torn.
1045 4173 1067 4226 I.
1087 4172 1120 4224 de
1138 4170 1310 4225 Jansenismo
1330 4136 1432 4238 epocha
1453 4171 1463 4223 l
