2964 4912
325 479 380 532 380
514 480 600 536 XLII.
639 481 678 534 De
696 485 772 535 statu
791 482 926 537 Ecclesiae
945 499 1013 540 saec.
1033 485 1133 539 decimo
1153 492 1258 541 octavo.

324 623 500 704 Reumont,
526 622 633 690 Gesclr.
651 625 708 687 der
724 623 821 689 staur
835 629 926 706 Rom,
950 628 1016 694 Vol.
1034 629 1111 708 III.,·
1135 629 1264 711 (Pacot)
1279 631 1433 693 Mc'mcires

320 743 406 806 pour
429 723 529 785 sarcir
552 725 573 784 ὰ
597 721 748 785 l'lristcirc
767 723 999 810 ecclesiastiqoa
1016 725 1166 810 pendant
1187 725 1216 790 Ie
1232 727 1433 790 dicclrua'tiimc

325 819 433 896 siecle,
462 823 483 884 5
507 821 567 884 col.
599 820 726 904 Bruges
752 821 847 888 1825.
872 860 915 869 -
939 825 1002 886 Die
1026 825 1135 887 innare
1164 824 1361 889 Unwalzrlrea't
1388 826 1434 888 do·

324 917 566 982 Freimourerei.
598 918 624 984 I.
654 917 753 982 Ueter
784 917 876 983 Alter
905 921 972 984 aad
1000 922 1163 1007 Urcprnap
1195 922 1253 985 der
1284 924 1434 986 Freimau·

322 1017 414 1080 acrei.
450 1015 664 1080 Pericdische
687 1016 829 1100 Blatter,
858 1019 959 1101 1872,
991 1043 1022 1104 p.
1047 1020 1112 1083 427
1138 1043 1208 1106 sqq.
1232 1059 1276 1067 —
1301 1019 1436 1105 Hergen-

321 1112 449 1195 riither,
483 1115 522 1179 K.
552 1114 591 1179 G.
622 1115 655 1178 T.
680 1115 724 1178 II.
756 1117 826 1181 Par.
858 1116 943 1181 VIII.
980 1115 1056 1203 Cap.
1082 1119 1102 1180 Ι
1126 1128 1156 1180 et
1178 1119 1247 1196 III,
1278 1139 1319 1181 ao
1350 1127 1436 1181 notae

321 1209 501 1274 litterariae
531 1210 574 1274 ad
605 1213 716 1279 varias
746 1215 956 1298 quaestiones
989 1223 1175 1300 spectantes
1206 1217 1242 1278 in
1275 1217 1306 1278 T
1305 1239 1373 1280 omo
1395 1217 1441 1278 III

321 1308 387 1391 (ed.
407 1308 460 1394 1.),
487 1309 544 1373 ubi
569 1319 600 1373 ct
616 1320 766 1374 auctores
790 1313 846 1397 qui
872 1311 912 1376 de
927 1314 968 1376 iis
992 1322 1184 1394 tractarunt,
1210 1335 1335 1396 magna
1352 1315 1436 1398 copia

321 1407 438 1470 citatos
462 1409 623 1474 invenies.
1192 1411 1194 1429 ¹

859 1761 894 1822 1.

518 1899 583 1962 De
606 1899 874 1980 Pontificibus
896 1903 1056 1966 sacculi
1078 1903 1120 1964 X
1123 1901 1241 1966 VHI.

160 2087 300 2164 Temenum
408 2074 440 2138 4.
488 2075 534 2138 Ut
556 2073 780 2138 Romanorum
805 2073 1004 2139 Pontificum
1031 2078 1176 2141 conditio
1208 2077 1328 2164 qualis,
1349 2077 1436 2141 fuerit

172 2153 281 2192 ⁰⁰¹²⁶¹²¹⁰'
320 2170 451 2237 sacculo
476 2173 604 2236 decimo
630 2183 747 2236 octavo
772 2173 890 2236 melius
913 2173 1132 2258 intelligatur,
1158 2198 1266 2260 pauca
1292 2176 1336 2239 de
1362 2185 1436 2239 statu

319 2293 429 2334 rerum
461 2269 600 2333 sacculis
633 2271 761 2334 decimo
787 2281 879 2335 sexto
912 2281 944 2335 et
975 2272 1103 2337 decimo
1128 2275 1267 2358 septimo
1300 2274 1435 2337 recolere

231 2365 233 2369 ’
314 2367 459 2453 juvabit.
507 2366 731 2432 Obtinuerant
753 2369 948 2451 Pontifices,
984 2372 1031 2433 uti
1056 2373 1289 2455 exposuimuS,
1325 2373 1435 2436 indea

318 2465 523 2550 temporibus
548 2488 572 2530 s.
597 2467 653 2528 Pii
677 2465 725 2548 V,
750 2467 868 2530 iterum
893 2490 1112 2552 permagnum
1138 2477 1170 2531 ct
1194 2470 1377 2534 salutarem
1399 2472 1435 2532 in·

318 2565 447 2628 fluxum
471 2564 626 2628 socialem
656 2565 689 2627 in
713 2585 816 2648 regna
840 2565 1004 2630 catholica
1028 2576 1061 2629 ct
1084 2567 1270 2652 principes,
1304 2569 1355 2631 ita
1378 2569 1433 2653 qui·

319 2662 395 2726 dem
427 2672 463 2725 ut
486 2660 520 2724 hi
551 2661 662 2747 quoad
687 2671 818 2725 mutuas
843 2685 918 2726 suas
948 2663 1140 2744 relationes,
1176 2665 1289 2750 quoad
1322 2665 1435 2730 bellum

318 2772 352 2823 ct
383 2782 517 2845 pacem,
555 2759 663 2844 quoad
698 2760 930 2844 dispositiones
958 2763 1069 2825 varias
1102 2763 1135 2825 in
1169 2760 1347 2826 territoriis
1381 2763 1434 2828 suis

319 2857 536 2922 Pontificibus
560 2857 700 2920 multum
726 2857 908 2941 deferrent,
935 2881 1047 2922 eorum
1072 2861 1254 2922 amicitiam
1281 2860 1349 2924 sibi
1375 2883 1433 2924 con·

319 2953 431 3018 ciliarc
455 2955 634 3038 studerent,
659 2964 759 3040 atquc
783 2977 841 3040 pro
863 2956 994 3020 viribus
1010 2957 1196 3021 Ecclesiam
1222 2967 1431 3042 protegerent.

317 3053 496 3142 Pontifices
520 3055 719 3117 versutiam
744 3054 963 3138 principibus,
990 3077 1092 3139 quum
1116 3076 1172 3118 eos
1196 3056 1230 3116 in
1247 3054 1431 3140 religionem

317 3151 403 3215 bene
427 3148 590 3214 animatos
622 3151 867 3234 conspicerent,
900 3173 967 3216 non
992 3151 1192 3242 mediocrem
1216 3151 1388 3217 influxum
1407 3155 1431 3214 in

316 3272 368 3313 res
387 3246 557 3313 Ecclesiae
582 3251 649 3312 suis
673 3250 706 3311 in
731 3251 842 3333 regnis
867 3259 1111 3331 concesserunt,
1136 3272 1175 3313 ac
1198 3254 1431 3333 generatimst

317 3348 507 3432 principum
522 3356 666 3431 potestas
682 3346 868 3411 firmaretur
884 3348 1024 3410 multum
1042 3346 1307 3414 contribuerunt.
1351 3348 1430 3412 Certe

317 3467 360 3508 ex
384 3445 507 3507 mutuis
531 3446 602 3512 istis
626 3444 844 3508 relationibus
876 3444 1044 3508 interdum
1067 3445 1240 3508 Ecclesiae
1271 3448 1373 3510 etiam
1396 3449 1428 3510 iu·

316 3541 491 3606 commoda
514 3541 772 3626 proveniebant3
803 3545 849 3606 ita
873 3543 1038 3606 influxum
1062 3541 1161 3605 valde
1186 3542 1365 3608 molestum
1387 3567 1427 3629 gu·

315 3639 433 3703 bernia
456 3641 491 3702 in
516 3638 674 3704 electione
698 3639 765 3704 ER.
790 3640 990 3704 Pontificum
1015 3661 1169 3704 exercere
1194 3641 1385 3723 studebant,
1405 3654 1428 3703 et

316 3740 439 3822 passim
476 3738 554 3823 jura
588 3736 759 3802 Ecclesiae
801 3738 970 3803 violabant
1009 3739 1309 3825 auctoritatemque
1352 3740 1424 3804 inde-

316 3836 419 3900 bitam
445 3837 525 3921 ipsis
549 3837 658 3900 iures
682 3835 852 3920 religionis
876 3836 1087 3902 exercebant.

405 3951 436 4016 ἵ).
483 3951 562 4014 Post
593 3973 714 4034 magna
739 3950 931 4015 discrimina
963 3950 1196 4037 praevaluerat
1220 3952 1378 4036 paulatim
1398 3953 1423 4012 in

315 4048 451 4134 Europa
482 4071 581 4112 causa
605 4048 784 4131 catholica,
821 4058 854 4112 et
886 4051 979 4112 initio
1012 4047 1135 4112 saeculi
1162 4049 1284 4113 decimi
1309 4047 1423 4134 septimi

316 4147 616 4230 praeponderantia
640 4147 710 4231 ejus
744 4168 843 4231 supra
866 4146 1179 4210 Prctcstantismum
1203 4148 1334 4211 firmata
1355 4153 1420 4207 erat.

315 4245 465 4330 Antiqua
489 4253 599 4308 autem
624 4243 826 4329 perdurabat
848 4235 1004 4308 'simultas
1029 4246 1114 4307 inter
1138 4242 1269 4309 Galliac
1291 4265 1375 4328 rages
1396 4249 1421 4301 et
