3336 4908
319 453 360 507 De
378 453 542 507 Jansenismi
561 454 667 522 origine
686 454 717 507 et'
731 470 884 523 progressu.
1109 456 1162 511 233

133 596 180 659 19.
220 596 286 661 Sed
309 599 526 681 praecipuum
543 597 693 681 Vergerii
719 600 888 680 negotium
914 600 1019 682 primo
1045 600 1160 663 decen·
1201 603 1303 702 2¹2⁰?st

53 696 99 757 nio
128 694 198 776 fuit,
233 705 267 757 ut
299 697 332 758 in
363 695 508 759 abbatiis
532 695 770 779 Portus-Regii,
803 719 943 782 quarum
976 720 1042 761 una
1067 707 1161 760 extra
1215 675 1297 775 liegii.

53 793 207 856 civitatem
233 801 313 872 erat,
345 791 447 856 altera
473 814 587 856 versus
611 817 640 856 a.
670 794 753 857 1625
777 794 914 857 Parisiis
938 795 1077 858 fundata
1102 805 1159 876 est,

52 910 254 974 permagnum
279 890 445 953 influxum
469 893 662 976 acquireret.
711 892 751 955 In
776 891 911 955 abbatia
934 891 1159 976 Portus-Regii

51 997 266 1052 extramuros
290 988 452 1073 Angelica
476 988 630 1052 Arnauld
654 989 823 1054 abbatissa
856 999 934 1069 erat,
969 1013 1008 1052 ac
1031 1000 1162 1075 praeter

50 1106 179 1148 sororem
212 1087 284 1171 ejus
309 1088 472 1169 Agnetem'
505 1086 617 1150 adhuc
648 1087 758 1171 plures
787 1087 946 1150 moniales
970 1109 1011 1150 ex
1035 1086 1162 1150 familia

49 1180 95 1245 illa
118 1183 241 1247 ibidem
274 1207 349 1247 cum
375 1184 447 1248 aliis
471 1184 633 1268 religiosis
656 1185 789 1249 feminis
813 1185 911 1250 valde
942 1187 1031 1270 piam
1056 1188 1161 1248 vitam

49 1277 214 1347 ducebant.
263 1282 376 1363 Quum
409 1282 565 1347 videlicet
596 1293 695 1346 antea
727 1283 904 1368 disciplina
935 1285 968 1346 in
1001 1285 1063 1347 ista
1088 1304 1160 1346 con·

47 1380 228 1460 gregatione
251 1381 400 1445 relaxata
424 1393 518 1464 esset,
548 1404 586 1446 eo
610 1392 758 1468 tempore
778 1383 849 1466 jam
874 1381 1037 1465 Angelica
1061 1380 1161 1445 abba·

47 1475 116 1537 tissa
132 1499 253 1562 magno
270 1479 399 1542 fervore
416 1480 683 1544 reformationem
701 1480 892 1564 peragebat,
917 1501 1057 1565 eamque
1082 1478 1162 1542 mul·

48 1580 108 1634 tum
122 1573 198 1639 Seb.
213 1576 330 1640 Zamet
342 1579 517 1663 episcopus
532 1579 755 1662 Lingonensis
769 1579 956 1662 (Langres),
970 1579 1023 1640 vir
1039 1578 1162 1661 pietate

47 1668 185 1754 insignis,
212 1675 268 1758 qui
294 1674 353 1738 has
378 1674 537 1739 moniales
562 1675 737 1760 dirigebat,
761 1677 937 1760 promovit.
976 1673 1042 1738 Sed
1059 1697 1161 1759 quum

42 1766 102 1849 jam
128 1792 170 1833 ex
194 1771 306 1835 indole
329 1795 388 1836 sua
405 1772 568 1857 Angelica
592 1774 635 1837 ad
660 1796 814 1836 excessus
838 1773 1022 1854 inclinaret,
1048 1794 1161 1857 quum-

47 1885 101 1947 que
123 1866 324 1933 feminarum
341 1872 473 1934 animae
486 1871 521 1934 id
534 1872 623 1956 quod
636 1893 771 1951 novum,
797 1871 963 1956 singulare
976 1881 1008 1934 et
1021 1870 1162 1934 sublime

46 1962 168 2028 videtur
201 1967 370 2049 adament,
402 1968 489 2032 mala
513 1969 645 2032 fortuna
677 1968 810 2050 accidit,
842 1978 879 2031 ut
909 1971 1049 2033 miserae
1080 1971 1163 2031 istae

46 2061 190 2128 mulieres
215 2066 402 2129 inciderent
425 2069 459 2130 in
477 2089 595 2130 manus
620 2069 722 2130 nostri
738 2066 1056 2152 pseudoprophetae.
1083 2066 1163 2129 Mox

46 2180 111 2222 11111
136 2163 393 2227 considerarunt
424 2175 461 2228 ut
483 2169 594 2228 virum
625 2165 741 2228 aDeo
776 2165 984 2248 inspiratum,
1021 2185 1060 2226 ac
1091 2177 1162 2226 tum

45 2256 126 2340 ipsae
151 2272 223 2324 tum
248 2260 333 2325 aliae
357 2261 530 2345 religiosae
555 2264 588 2325 in
614 2264 716 2326 variis
742 2261 964 2339 conventibus
995 2262 1162 2345 principia

46 2357 107 2440 ejus
138 2381 279 2423 erronea
314 2369 345 2422 et
372 2360 743 2444 pseudomysticismum
775 2361 999 2444 perniciosum
1030 2369 1162 2422 secutae

45 2459 121 2538 sunt,
146 2468 248 2543 atque
272 2460 307 2521 in
330 2481 392 2521 usu
410 2456 699 2521 Sacramentorum
724 2457 864 2543 aliisque
890 2456 1162 2541 disciplinaribus

44 2552 133 2618 rebus
157 2557 392 2620 innovationes
417 2557 488 2642 ejus
505 2555 721 2621 admiserunt.
759 2554 871 2634 Quum
888 2577 967 2618 vero
980 2556 1163 2638 Vergerius

44 2653 141 2735 magis
166 2655 339 2739 magisque
363 2653 453 2738 apud
477 2676 511 2717 se
536 2655 758 2733 constitueret,
785 2653 967 2716 secundum
991 2675 1087 2716 sensa
1104 2675 1163 2716 sua

43 2747 222 2815 Ecclesiam
254 2752 363 2837 quoad
396 2751 605 2837 disciplinam
637 2752 826 2833 reformare,
859 2753 980 2814 summi
1005 2752 1163 2814 momenti

43 2843 163 2930 habuit,
190 2859 227 2912 ut
243 2872 315 2913 eam
340 2852 631 2933 congregationem
657 2849 720 2913 sibi
747 2849 949 2930 devinciret,
974 2872 1012 2913 ac
1027 2849 1162 2913 tandem

43 2966 74 3006 eo
91 2949 256 3030 pervenit,
281 2958 317 3010 11
341 2946 501 3011 moniales
525 2947 753 3031 significarent
777 2949 931 3032 episcopo
946 2948 1162 3030 Lingonensi‚

42 3043 139 3126 ipsius
176 3047 404 3131 directionem,
444 3056 558 3131 utpote
582 3047 645 3108 viri
679 3048 789 3109 minus
813 3047 931 3127 severi,
965 3047 1036 3130 jam
1072 3042 1163 3107 haud

43 3153 164 3222 gratam
190 3145 270 3229 ipsis
295 3165 373 3209 esse.
422 3144 554 3207 Exinde
578 3152 658 3206 tunc
683 3144 865 3226 Vergerius
890 3142 977 3206 solus
1010 3143 1165 3226 regnavit

43 3248 71 3300 11
92 3243 205 3324 omnia
230 3243 263 3305 in
289 3244 351 3304 ista
376 3242 631 3325 congregatione
656 3263 698 3303 ex
722 3249 799 3303 voto
825 3261 883 3303 suo
909 3240 1080 3325 disposuit.
1214 3320 1216 3322 q

129 3341 183 3404 20.
232 3339 429 3425 Suspectum
454 3348 564 3421 autem
597 3361 631 3402 se
654 3338 800 3402 reddidit
828 3340 909 3402 viris
933 3337 1045 3422 probis
1072 3358 1163 3422 prae·

44 3437 144 3520 cipue,
170 3460 273 3523 quum
298 3438 470 3501 Rosarinm
494 3461 534 3502 os.
552 3436 752 3501 8111111111
775 3439 808 3499 11
834 3458 872 3500 11
897 3437 1163 3521 congregatione,

44 3555 122 3617 quae
153 3536 380 3600 adorationem
411 3545 606 3621 perpetuam
638 3557 678 3600 ss.
704 3533 911 3598 Sacramenti
946 3533 1083 3612 colebat,
1117 3533 1163 3594 in-

42 3633 235 3699 troduceret.
288 3634 371 3696 Erat
401 3632 484 3696 baec
512 3633 671 3718 precandi
702 3655 741 3695 11
773 3633 956 3695 meditandi
989 3629 1164 3693 methodus

44 3739 72 3791 11
100 3731 224 3812 forma,
257 3754 322 3817 qua
354 3741 505 3795 sanctum
537 3731 716 3817 quemdam
748 3740 906 3793 terrorem
936 3738 968 3792 et
995 3728 1163 3791 horrorem
1226 3729 1228 3733 ’

44 3848 80 3893 ss.
106 3828 313 3893 Sacramenti
352 3827 546 3913 inspirabat,
587 3839 619 3892 et
657 3852 677 3892 a
716 3829 925 3912 susceptione
955 3826 1026 3912 ejus
1049 3823 1164 3888 fideles

44 3927 226 3991 amovebat.
284 3926 479 3990 Exhibebat
524 3926 716 3989 veneranda
762 3924 922 3988 attributa
963 3922 1085 3986 Christi
1128 3923 1162 3984 in

45 4021 262 4109 Eucharistia,
288 4025 446 4088 videlicet
470 4027 677 4102 sanctitatem,
708 4025 880 4101 veritatem,
905 4021 1093 4100 libertatem,
1118 4021 1163 4082 in-

45 4124 290 4208 dependentiam,
316 4124 527 4201 emittentium,
552 4121 783 4208 sufficicntiam,
816 4124 1003 4200 satietatem,
1022 4118 1163 4204 plenitu-

46 4223 154 4302 dinem,
188 4224 398 4304 cminentiam,
420 4223 660 4306 possessionem,
684 4241 822 4303 regnum,
845 4215 1165 4292 inaccessibilitatem,

1441 589 1467 677 ,²
1649 584 1660 655 1³
