3034 4894
320 491 362 544 De
379 490 588 558 praeparatione
608 489 720 545 Consilii
740 491 903 547 Tridentini.
1167 493 1203 548 83

97 635 228 697 minister
250 634 413 718 generalis
430 635 548 698 fuerat.
573 633 639 700 Sed
653 644 761 700 aetate
772 637 843 722 jam
862 646 1019 721 provecta
1035 636 1201 722 superbia,

97 738 126 792 ut
145 731 280 813 videtur,
305 732 420 814 elatus,
445 733 618 817 opiniones
642 732 827 798 haereticas
851 736 996 819 suscepit
1019 744 1051 798 et
1074 735 1201 820 praedi·

96 830 180 894 cavit.
231 830 370 894 Romam
406 833 526 894 citatus
562 829 676 915 fugam
712 832 854 916 arripnit
892 841 925 895 et
959 831 1132 897 Genevam
1163 855 1203 896 ac

95 925 199 990 deinde
221 930 256 993 in
279 928 362 992 alias
385 931 535 1014 regiones
559 930 702 1009 secessit,
727 938 996 1014 senectutemque
1020 951 1115 993 suam
1137 940 1212 1008 tur-¹

94 1027 221 1108 pissimis
244 1028 337 1091 vitiis
360 1027 519 1092 foedavit.
552 1065 594 1074 —
626 1027 722 1090 Libri
746 1030 847 1092 etiam
871 1029 1040 1111 venenosi,
1081 1027 1202 1114 quibus

93 1122 198 1186 callide
221 1123 369 1188 haeresis
392 1123 649 1210 propagabatur,
685 1127 836 1211 requisiti
860 1148 900 1189 ac
923 1128 1091 1210 suppressi
1115 1135 1200 1192 sunt.

92 1220 169 1284 Telis
191 1221 254 1286 fuit
276 1223 423 1286 famosus
446 1220 578 1287 libellus
608 1222 719 1286 italice
753 1225 959 1308 conscriptus
982 1225 1032 1287 De
1056 1223 1201 1307 beneficio

94 1315 212 1398 Christi,
246 1322 303 1406 qui
335 1319 501 1384 multoties
534 1321 713 1404 impressus
737 1317 784 1384 ac'
800 1342 930 1385 veneno
961 1321 1126 1385 haeretico
1155 1323 1201 1384 in-

90 1416 184 1480 fectus
221 1418 401 1482 multorum
441 1427 568 1481 mentes
599 1418 670 1502 jam
710 1421 856 1483 erroneis
895 1419 935 1482 de
963 1417 1202 1504 justificatione

91 1515 291 1599 opinionibus
316 1515 491 1581 imbuerat.
539 1516 606 1581 Ubi
632 1516 667 1580 id
691 1527 915 1629 opportunum
939 1516 1126 1598 videbatur,
1155 1518 1202 1580 in-

90 1614 253 1696 quisitores
277 1613 376 1677 etiarn
402 1616 491 1677 viros
515 1613 617 1678 laicos
651 1614 907 1696 constituebant,
948 1616 1004 1699 qui
1035 1616 1137 1678 variis
1167 1615 1202 1677 in

90 1711 272 1776 civitatibus
299 1711 470 1796 religionis
501 1713 638 1797 puritati
663 1711 888 1797 invigilarent,
927 1721 1026 1798 atque
1050 1714 1098 1777 sic
1122 1712 1202 1775 dum

90 1830 197 1892 magno
221 1831 299 1873 cum
324 1811 439 1893 vigore
462 1809 609 1873 remedia
623 1820 808 1895 opportuna
825 1809 1080 1891 adhibebantur,
1104 1809 1202 1874 Italia

88 1905 123 1969 ab
145 1908 317 1971 invasione
342 1907 488 1971 haeresis
512 1916 645 1971 servata
668 1906 774 1992 fuit.¹)

612 2321 671 2382 11.

218 2476 397 2541 Concdite
421 2477 662 2546 semenator
679 2478 882 2558 permade
902 2478 1059 2556 mma.

166 2653 220 2718 27.
256 2651 410 2734 Longum
436 2661 520 2716 esset
545 2653 716 2717 historiam
741 2655 895 2737 quamvis
919 2655 1122 2718 succinctam
1147 2641 1311 2735 hic⁰⁰¹¹⁰{i¹{¹,
1327 2643 1370 2681 ill

87 2759 188 2814 texere
214 2749 448 2814 celebrationis
473 2749 614 2814 Concilii
639 2751 837 2835 Tridentini,
867 2773 929 2814 nec
953 2751 988 2815 id
1011 2751 1107 2816 nobis
1130 2773 1202 2836 pro-

87 2849 219 2930 positum
247 2855 304 2912 est.
354 2846 420 2912 Sed
443 2856 480 2910 ut
504 2870 542 2912 ea
566 2858 751 2934 temporum
776 2859 876 2935 atque
907 2859 1087 2914 eventuum
1110 2851 1201 2914 notio

88 2944 248 3026 formetur,
274 2967 358 3030 quae
384 2956 570 3030 opportuna
593 2967 633 3009 ae
656 2949 842 3010 necessaria
866 2958 924 3028 est,
961 2957 996 3011 ut
1027 2948 1201 3011 aestimare

86 3045 244 3125 possimus
268 3042 377 3128 qualis
389 3043 489 3106 fucrit
503 3052 607 3107 status
624 3044 793 3109 Ecclesiae
818 3045 882 3110 illis
897 3046 1015 3109 dicbus
1030 3055 1062 3108 et
1078 3055 1202 3132 quanta

86 3141 227 3205 virorum
252 3143 470 3205 eminentium
494 3143 529 3206 in
550 3141 685 3225 Synodo
699 3143 895 3208 Tridentina
919 3143 1038 3224 studia,
1064 3151 1100 3206 ut
1122 3143 1201 3206 fidei

86 3258 119 3301 ac
132 3260 262 3302 morum
279 3239 461 3324 integritati
478 3240 717 3325 provideretur,
742 3243 858 3325 paucis
878 3241 1057 3305 referemus
1074 3239 1202 3324 Syncdi

85 3334 295 3400 Tridentinae
309 3337 451 3417 initium,
477 3359 697 3423 progressum,
713 3348 745 3402 et
760 3339 870 3422 finem,
887 3349 917 3402 et
933 3340 1020 3404 sacta
1037 3339 1201 3425 quaedam

86 3434 214 3518 majoris
245 3436 403 3498 momenti
436 3435 582 3498 breviter
614 3435 866 3521 explicabimus.
922 3436 1200 3501 Examinabinrus

85 3531 184 3611 simul,
212 3531 302 3595 unde
325 3534 539 3617 provenerint
564 3533 775 3598 difficultates
792 3536 904 3598 variae
928 3536 962 3598 in
980 3533 1200 3597 celebratione

85 3627 223 3694 Concilii
239 3629 438 3712 Tridentini,
454 3654 494 3694 ac
510 3631 728 3696 refutabimus
744 3633 1001 3706 Protestantium
1018 3631 1201 3696 aliorumve

85 3729 277 3812 scriptorum
310 3727 538 3811 allegationes,
571 3729 691 3814 quibus
722 3732 951 3795 auctoritatem
980 3728 1108 3813 Synodi
1131 3728 1200 3792 Tri-

86 3822 237 3888 dentinae
262 3826 446 3890 convellere
470 3827 533 3890 misi
559 3838 643 3894 sunt.

168 3924 223 3987 28.
270 3921 476 4005 Solemniter,
513 3926 562 3988 uti
590 3926 662 4010 jam
696 3925 852 4007 diximus,
888 3948 927 3990 ac
950 3925 1016 3989 ritu
1048 3923 1199 4008 religioso

85 4040 112 4082 a.
146 4021 231 4085 1545
265 4020 319 4084 die
354 4022 413 4086 13⁰
436 4022 641 4105 Decembris,
681 4045 766 4108 quae
798 4023 861 4086 fuit
889 4023 1069 4088 Dominica
1103 4023 1200 4086 tertia

156 4268 175 4336 ¹)
195 4267 251 4323 en.
270 4267 373 4334 same,
393 4269 423 4322 r.
442 4269 463 4323 1.
483 4268 514 4326 n.
533 4269 570 4326 11.
589 4272 605 4339 a
623 4270 638 4324 1
656 4275 685 4324 et
703 4269 750 4324 v1.
