2964 4912
441 483 639 540 Declaratiunis
658 485 790 552 sequelae.
1125 481 1178 536 363

64 631 126 694 bris
156 653 185 695 a.
213 630 314 711 1685,
351 629 466 714 rejecit
496 630 663 694 doctrinas
695 638 837 714 quatuor
864 627 1012 692 articulis
1043 627 1176 708 similes,

63 752 139 814 quas
161 728 322 814 Aegidius
346 728 398 791 De
422 726 550 806 Wilde,
576 727 722 790 decanus
745 724 999 807 Mechlinensis,
1024 727 1077 789 vir
1099 725 1178 790 Jau·

63 829 187 891 seuistis
211 826 373 907 addictus,
399 834 614 910 proposuerat
634 824 718 889 libro
735 824 823 889 edito
845 823 907 888 sub
921 825 1056 889 nomine
1071 845 1178 887 emen·

62 927 116 988 tito
141 923 295 989 Candidi.
327 962 371 971 —
400 923 548 986 Maxime
572 944 651 986 vero
676 920 868 987 Gallicanos
898 923 1079 986 commovit
1106 943 1179 985 cen·
1207 913 1324 1023 ilaus.

62 1045 134 1086 sura
164 1045 230 1108 qua
261 1022 449 1106 Hunpariae
473 1020 598 1084 Primus
626 1018 780 1105 Geerpias
811 1018 1045 1106 Seelepcscenyi
1074 1017 1349 1087 archi-sastago.

62 1123 231 1206 episcopus
255 1118 491 1203 Strigouiensis
515 1118 613 1182 simul
638 1140 713 1181 cum
738 1116 812 1181 aliis
833 1117 1027 1202 Hungariae
1049 1138 1178 1201 praesu·
1219 1099 1314 1140 mm·

61 1217 142 1281 libus
175 1226 317 1303 quatuor
349 1215 505 1281 articulos
538 1215 686 1280 confixit.
735 1215 846 1298 „Inter
879 1224 1025 1297 caetera,
1060 1215 1179 1299 inquit,

62 1337 141 1400 quae
165 1337 200 1379 se
224 1314 320 1379 nobis
345 1313 541 1398 corrigenda
565 1325 598 1376 et
620 1312 824 1377 eliminanda
848 1313 1039 1377 obtulerunt
1062 1321 1094 1376 et
1115 1333 1179 1375 mo-

1232 915 1331 951 coretum

61 1435 127 1476 ram
149 1415 220 1499 pati
244 1434 310 1476 non
335 1420 472 1498 possunt
495 1410 619 1497 absque
644 1411 791 1475 evidenti
816 1411 963 1497 periculo
980 1412 1179 1488 animarum,

61 1533 123 1574 non
155 1511 310 1575 ultimum
348 1509 458 1575 locum
499 1519 613 1574 tenent
646 1519 788 1595 quatuor
820 1509 896 1574 illae
929 1511 1179 1594 propositiones,

61 1631 140 1694 quae
175 1607 264 1673 Cleri
298 1608 466 1672 Gallicani
506 1629 612 1693 nuper
644 1608 781 1671 Parisiis
822 1609 1013 1692 congregati
1046 1607 1181 1670 nomine

61 1706 270 1790 prodierunt“
304 1710 502 1791 (sequuntur
532 1715 673 1791 quatuor
702 1706 822 1770 famosi
855 1705 1022 1786 Articuli).
1064 1704 1181 1788 ,Quae

61 1804 191 1889 quidem
216 1806 453 1891 Propositiones
484 1804 614 1869 auribus
637 1805 821 1868 christianis
844 1803 1002 1869 absurdae
1033 1815 1062 1867 et
1081 1803 1181 1890 piane

61 1901 274 1982 detestabiles,
311 1925 386 1966 cum
419 1923 477 1987 per
500 1901 686 1984 Hungarioi
719 1921 850 1987 quoque
873 1905 966 1986 regui
991 1903 1181 1987 provincias

62 2011 235 2064 aralunae
259 2001 414 2065 ministris
438 2001 674 2064 disseminatae
699 2001 783 2080 sint,
808 2021 846 2063 eo
870 2000 1009 2064 fortasse
1034 1997 1179 2080 consilio,

62 2106 94 2160 ut
115 2097 336 2182 perduellioni
369 2107 400 2161 et
424 2098 563 2161 caeteris
587 2096 684 2160 malis
708 2099 873 2162 intestinis
896 2096 1056 2183 pabulum
1081 2105 1113 2160 et
1136 2097 1180 2162 fo·

61 2207 205 2261 mentum
232 2195 446 2282 suppeditent
470 2204 501 2258 et
517 2196 553 2258 in
572 2196 724 2258 incautos
748 2195 897 2258 fidelium
915 2196 1043 2265 animos
1059 2193 1181 2259 blanda

62 2293 189 2376 pietatis
214 2295 325 2378 specie
349 2292 598 2357 schismaticum
623 2295 715 2356 virus
738 2292 915 2375 instillent,
946 2293 1014 2356 Nos
1037 2292 1103 2356 Dei
1127 2314 1181 2356 no·

62 2392 146 2454 mine
169 2393 344 2473 invocato,
382 2401 414 2455 et
443 2391 638 2477 praehabita
663 2413 701 2455 ea
725 2391 853 2456 meliori
876 2392 997 2473 forma,
1034 2414 1099 2476 qua
1123 2412 1183 2475 per

61 2493 214 2575 temporis
246 2500 278 2553 et
300 2490 365 2554 loci
390 2491 620 2555 difficultatem
644 2489 755 2572 licuit,
789 2489 939 2575 diligenti
964 2491 1118 2553 examine
1150 2499 1182 2552 et

63 2586 296 2652 deliberatione
333 2598 461 2652 matura
496 2611 572 2652 cum
603 2588 863 2653 Venerabilibus
898 2587 1071 2652 Fratribus
1104 2585 1182 2651 Coe-

62 2686 203 2770 piscopis
228 2688 359 2767 nostris,
384 2685 584 2767 Abbatibus,
609 2688 820 2770 Praepositis,
846 2684 1018 2770 Capitulis,
1043 2683 1182 2770 aliisque

63 2784 286 2870 compluribus
317 2784 517 2868 Theologiae
547 2785 792 2848 Professoribus
823 2795 855 2848 et
886 2805 1053 2848 sacrorum
1078 2783 1181 2847 Cauo-

62 2904 137 2945 num
162 2885 302 2947 scientia
326 2882 570 2967 praestantibus
595 2884 693 2964 viris,
713 2882 886 2968 praefatas
909 2892 1045 2967 quatuor
1063 2903 1181 2966 prepo-

61 2981 188 3044 sitiones
212 2981 392 3066 ccnfipimus
415 2991 445 3044 et
462 2981 709 3067 proscribimus,
734 2990 764 3043 et
785 2981 941 3044 universis
963 2979 1056 3042 istius
1081 2979 1184 3063 Repni

65 3074 182 3142 Christi
205 3077 356 3162 fidelibus
379 3080 597 3143 interdicimus
625 3102 663 3142 ac
682 3079 900 3164 probibemus,
931 3100 970 3140 ne
1000 3099 1054 3140 eas
1084 3075 1184 3160 tepere

62 3173 107 3237 uel
130 3186 251 3254 tenere,
282 3175 380 3239 multo
404 3179 507 3240 minus
531 3176 640 3240 docere
664 3176 822 3254 audeant,
855 3175 960 3238 donec
985 3173 1025 3237 de
1049 3174 1089 3236 iis
1113 3195 1182 3256 pro-

64 3270 157 3336 dierit
180 3272 356 3336 infallibile
371 3273 584 3359 Apostolicae
599 3272 695 3338 Sedis
712 3273 893 3354 oraculum,
918 3271 1069 3356 adquam
1084 3269 1185 3334 solam

63 3369 166 3434 divino
201 3370 394 3435 immutabili
425 3372 592 3458 pmoitepio
627 3382 748 3457 spectat
782 3372 821 3434 de
855 3369 1076 3434 controversiis
1104 3367 1185 3452 fidei

56 3468 222 3553 judicarc,·
257 3471 310 3532 cui
342 3481 516 3555 propterea
547 3470 606 3534 ha's
629 3469 751 3534 liberas
782 3478 910 3533 nostras
932 3465 1184 3531 Declarationes

64 3573 93 3626 et
115 3567 259 3631 Decreta
290 3567 476 3632 humillime
508 3567 795 3648 submittimus.“¹)
843 3567 936 3630 Haec
960 3587 1099 3628 censura
1130 3564 1184 3628 die

64 3662 121 3726 240
132 3663 286 3729 Octobris
301 3688 329 3732 a.
346 3665 432 3731 1682
448 3666 491 3730 ab
507 3664 757 3750 archiepiscopo
769 3663 986 3748 strigoniensi
1004 3662 1093 3726 edita
1109 3661 1182 3726 fuit.

149 3781 203 3845 55.
252 3781 364 3861 Quum
388 3784 422 3845 in
447 3779 556 3846 Gallia
584 3781 748 3866 ejusmodi
772 3781 951 3844 Decretum
976 3779 1183 3860 innotuisset,

66 3874 103 3938 de
125 3880 213 3962 regis
243 3881 399 3943 mandato
424 3879 671 3943 Parlamentum
703 3877 884 3964 postulavit
907 3899 927 3940 a
951 3875 1116 3960 Sorboua,
1147 3885 1185 3938 ut

65 3973 143 4039 illud
167 3979 373 4044 examinaret
397 3987 429 4041 et
453 3977 699 4042 condemnaret.
737 3976 846 4061 Aegre
869 3983 998 4038 tantum
1013 3971 1184 4037 Sorbouae

138 4252 158 4322 ι)
177 4253 210 4306 V.
231 4251 340 4305 Oolleot,
360 4252 463 4306 Laeens
490 4258 511 4308 t.
531 4251 553 4308 Ι,
572 4267 596 4318 p.
617 4252 678 4306 836.
