3336 4908
415 484 468 542 258
812 484 869 542 XL.
907 484 947 537 De
965 483 1144 541 'Janseni'smo

154 621 156 626 ’
252 627 399 739 fflffii‘g,
414 627 570 691 Pontifex
595 627 681 691 clare
706 650 838 691 sensum
865 627 1088 691 damnationis
1104 637 1293 713 exponeret.
1320 628 1512 693 exindeJan-

274 751 369 802 sacrum.
415 727 556 788 senistae
581 748 647 789 non
679 735 851 790 cessarunt
881 747 938 788 suo
977 726 1097 808 effugio
1137 747 1171 788 se
1207 727 1301 790 tueri.
1343 765 1383 772 —
1421 726 1514 790 Altero

414 845 501 886 anno
522 825 615 904 1656,
642 846 744 909 quum
770 823 846 887 duci
864 823 905 887 de
920 824 1103 887 Liancourt
1126 825 1160 886 in
1181 824 1341 908 parochia
1365 847 1389 888 s.
1403 824 1515 908 Sulpitii

413 920 575 984 absolutio
587 921 806 1005 denegaretur
817 920 858 984 ob
871 922 1112 984 connexionem
1125 922 1228 1005 ipsius
1242 943 1318 984 cum
1327 922 1516 1001 Jansenistis,

413 1007 581 1083 Arnaldus
606 1021 676 1105 ejus
693 1019 918 1083 defensionem
934 1021 1080 1103 suscepit
1091 1021 1223 1103 scriptis
1237 1018 1367 1083 duabus
1381 1020 1517 1104 epistolis,

413 1117 533 1201 quibus
557 1119 642 1180 inter
665 1117 730 1181 alia
755 1117 938 1180 statuebat:
970 1117 1006 1181 1⁰
1029 1119 1068 1179 In
1094 1119 1226 1199 negotio
1251 1120 1398 1202 quinque
1422 1139 1519 1203 propo·

413 1215 569 1279 sitionum
594 1217 646 1298 agi
667 1215 707 1279 de
724 1216 905 1300 quaestione
921 1215 1019 1300 facti,
1045 1237 1088 1277 an
1102 1214 1282 1278 Jansenius
1307 1237 1362 1278 eas
1380 1216 1519 1294 docuerit,

411 1321 510 1396 atque
541 1313 575 1375 in
607 1312 729 1377 talibus
759 1313 855 1376 factis
890 1312 1087 1376 definiendis
1112 1312 1297 1375 Ecclesiam
1332 1313 1401 1377 falli
1429 1335 1518 1398 posse.
1560 1367 1561 1370 ,

411 1410 497 1472 Eam
521 1409 729 1474 infallibilem
754 1433 824 1474 esse
844 1412 878 1474 in
896 1410 1114 1497 dijudicandis
1131 1411 1425 1494 propositionibus,
1449 1410 1519 1473 hano

412 1510 501 1571 enim
523 1530 594 1571 esse
618 1510 832 1593 qaaestionem
848 1510 946 1597 juris.
972 1508 1009 1570 2⁰
1026 1507 1145 1586 Quoad
1162 1509 1401 1592 quaestionem,
1426 1520 1518 1570 utrun
1560 1543 1561 1552 ι

412 1605 572 1669 lansenio
597 1605 796 1669 tribuendae
821 1608 887 1669 sint
910 1605 986 1668 illae
1008 1607 1258 1690 propositiones
1285 1605 1467 1669 Ecclesiam
1487 1604 1519 1666 ad

412 1725 579 1766 summum
596 1703 762 1787 postulare
779 1703 1003 1767 obedientiam
1022 1703 1144 1766 silentii
1161 1703 1402 1766 reverentialis.
1427 1704 1461 1766 3⁰
1477 1703 1520 1764 Pe-

412 1811 498 1863 trum
531 1822 686 1885 peccasse
716 1823 753 1864 eo
784 1801 871 1886 quod
905 1802 967 1886 ipsi
997 1802 1103 1884 gratia
1129 1800 1263 1865 deesset.
1300 1839 1343 1846 -
1377 1800 1520 1880 Quamvis

411 1907 524 1961 autem
549 1897 611 1961 hoo
635 1908 868 1981 stratagemate
893 1898 1029 1961 modum
1058 1897 1215 1982 loquendi
1240 1900 1375 1961 sectarii
1400 1898 1445 1961 illi
1468 1920 1519 1960 nru-

412 2004 530 2076 tarent,
557 1995 636 2059 dum
652 1995 848 2081 simpliciter
872 1997 988 2059 merito
1012 1997 1254 2080 propositiones
1276 1995 1449 2059 damnatas
1464 2015 1519 2058 esse
1562 2001 1563 2032 ³

411 2092 649 2175 admittebant,
689 2104 835 2158 attamen
874 2095 1073 2157 sententiam
1115 2115 1208 2159 suam
1248 2115 1315 2156 non
1356 2092 1518 2156 mutabant.
1556 2114 1563 2193 ¹,

413 2190 580 2254 Videlicet
607 2192 679 2277 jam
713 2191 928 2277 explicabant
965 2192 1205 2276 propositiones
1240 2192 1341 2276 juxta
1380 2192 1518 2275 scriptun
1556 2198 1563 2272 t

414 2290 510 2352 triam
534 2289 749 2354 columnarum
773 2292 808 2354 in
832 2312 928 2354 sensu
947 2288 1073 2372 Pelagii
1098 2289 1151 2351 vel
1170 2287 1302 2352 Calvini
1328 2298 1360 2351 et
1385 2291 1430 2352 ita
1451 2297 1519 2351 recte
1557 2293 1563 2373 ,J

415 2409 470 2450 eas
496 2387 670 2451 damnatas
695 2410 764 2451 esse
789 2387 1045 2452 conveniebant.
1094 2387 1144 2450 De
1173 2386 1275 2449 altero
1300 2407 1410 2468 sensu,
1442 2406 1518 2470 quen
1555 2376 1561 2427 Ἰ

419 2486 599 2568 Augustini
633 2485 796 2565 dixerant,
835 2484 932 2548 modo
956 2484 1123 2564 tacebant,
1155 2507 1194 2548 ac
1218 2485 1403 2568 generatim
1428 2505 1477 2546 eas
1496 2484 1518 2542 in

420 2583 571 2647 Jansenii
594 2582 680 2647 libro
705 2585 848 2646 inveniri
872 2582 1049 2665 negabant.
1081 2583 1154 2646 Hac
1168 2594 1280 2646 autem
1297 2582 1427 2645 ratione
1442 2591 1520 2643 totan

422 2703 515 2744 suam
541 2681 725 2745 doctrinam
751 2702 941 2765 perversam
965 2680 1193 2760 retinebant.¹)

420 2897 634 2906 .—

426 3085 428 3088 -
496 3051 522 3120 ¹)›
536 3052 608 3118 Apte
626 3067 682 3106 rem
695 3051 812 3119 explicat
824 3051 921 3118 Rapin,
941 3052 1018 3105 Mem.
1032 3051 1061 3104 II
1088 3068 1114 3118 p.
1128 3053 1193 3106 249:
1213 3052 1273 3115 „Un
1292 3068 1341 3119 pas
1361 3054 1386 3107 si
1404 3052 1474 3106 hardi
1488 3050 1519 3102 fut
1560 3063 1561 3076 ι

411 3137 529 3184 soutenu
549 3132 582 3186 de
601 3137 662 3185 tout
681 3132 746 3184 l’art
764 3136 792 3185 et
811 3132 844 3185 de
863 3135 940 3184 toute
959 3132 986 3185 la
1004 3131 1136 3198 potitique
1161 3132 1228 3186 dont
1252 3132 1280 3184 la
1299 3132 1394 3188 cabale
1412 3134 1475 3188 etait
1488 3145 1517 3182 os·

412 3203 505 3277 table,
535 3226 580 3263 oar
598 3211 618 3264 il
637 3211 708 3264 etait
726 3210 852 3277 question
876 3211 909 3264 de
928 3210 1048 3279 changer
1075 3211 1108 3264 de
1128 3212 1248 3280 langage
1273 3228 1337 3265 sans
1366 3214 1477 3283 changer
1495 3210 1518 3261 de

410 3290 569 3356 sentiment,
589 3291 635 3356 qui
654 3296 696 3343 est
715 3306 752 3343 un
772 3292 818 3344 des
837 3290 956 3345 artifices
975 3291 1014 3344 les
1027 3292 1087 3359 plus
1102 3291 1250 3345 ordinaires
1263 3291 1296 3344 de
1310 3290 1433 3347 l’erreur:
1450 3289 1517 3356 sequi

410 3384 441 3422 se
466 3368 498 3422 fit
524 3370 591 3422 dans
609 3370 637 3422 la
655 3372 804 3425 resolution
823 3369 901 3436 qu’on
920 3371 999 3424 avait
1016 3371 1089 3439 prise
1107 3373 1140 3426 de
1159 3371 1288 3426 convenit
1307 3389 1360 3440 qne
1385 3376 1423 3429 les
1446 3388 1517 3441 propo

410 3451 510 3504 sitione
529 3452 635 3506 etaient
653 3451 716 3506 bien
735 3451 911 3506 tondamnees
931 3457 959 3509 et
978 3454 1010 3508 de
1029 3455 1054 3508 le
1073 3454 1179 3520 publier
1197 3454 1368 3508 hautement.
1399 3455 1447 3508 Gar
1462 3453 1517 3507 selon

412 3530 438 3584 le
463 3531 527 3597 plan
552 3529 629 3597 qu’on
652 3533 730 3585 avait
755 3533 846 3586 dresse
871 3533 918 3586 des
937 3534 1005 3587 trois
1024 3534 1161 3598 colonnes,
1190 3550 1225 3587 on
1249 3535 1328 3588 avait
1351 3537 1436 3590 donne
1455 3539 1469 3588 t
1487 3547 1516 3584 res

410 3611 592 3678 propositions
611 3611 678 3665 trois
691 3629 752 3666 sens
771 3611 926 3666 differents:
945 3629 982 3666 un
1002 3629 1062 3667 sens
1076 3615 1226 3679 calviniste,
1244 3630 1282 3668 un
1295 3631 1359 3669 sens
1377 3613 1515 3683 pelaginien

412 3696 498 3745 etun
517 3691 655 3746 troisieme
674 3692 809 3746 conforme
827 3696 844 3746 a
862 3694 890 3746 la
908 3694 1030 3748 doctrine
1048 3695 1081 3748 de
1099 3693 1216 3760 leveque
1234 3693 1348 3762 d'Ipres;
1377 3711 1410 3748 on
1429 3690 1515 3748 arousit

411 3769 521 3836 qu’elles
540 3771 645 3826 etaient
664 3772 726 3827 bien
745 3774 921 3827 condamnees
949 3775 1016 3828 dans
1035 3774 1059 3827 le
1078 3790 1138 3828 sens
1162 3776 1195 3828 de
1215 3773 1313 3828 Calvio
1332 3791 1367 3828 ou
1386 3776 1449 3828 dans
1464 3768 1514 3826 celui

411 3852 446 3906 de
477 3851 590 3923 Pelage‚
623 3868 686 3906 sans
716 3869 812 3921 penser
843 3856 859 3906 a
890 3854 960 3907 celui
985 3854 1018 3907 de
1044 3853 1163 3920 leveque
1181 3853 1289 3922 d’lpres
1322 3857 1338 3908 a
1362 3855 1424 3922 quoi
1444 3870 1473 3908 on
1490 3864 1513 3902 nt

411 3931 537 3985 touchait
573 3947 622 3999 pas
657 3948 725 4000 pour
755 3932 798 4000 n'y
830 3933 889 3988 rien
926 3933 1052 4002 changer.
1103 3934 1181 3988 Ainsi
1212 3950 1241 3988 ce
1272 3934 1317 3988 fut
1348 3953 1397 4004 par
1425 3936 1448 3989 le
1472 3928 1512 3985 seul

411 4011 601 4078 degnisement
619 4010 696 4077 qu’on
715 4027 744 4066 se
763 4013 819 4066 tira
837 4011 957 4067 d’affaire
975 4014 1042 4067 dans
1061 4030 1098 4068 un
1118 4015 1191 4081 parti
1210 4015 1277 4068 dont
1296 4031 1331 4069 on
1350 4015 1453 4083 pronois
1467 4018 1512 4065 tant

413 4091 440 4143 la
464 4091 571 4150 morale,
610 4091 651 4145 On
674 4107 708 4144 ne
732 4107 815 4159 pensa
835 4091 894 4159 qu't
913 4093 1029 4161 imposer
1048 4109 1083 4148 au
1101 4094 1198 4161 public,
1228 4100 1257 4148 et
1284 4101 1349 4149 tout
1376 4097 1400 4149 le
1422 4090 1510 4162 proedo

411 4168 491 4235 qu’on
508 4187 527 4237 y
546 4171 632 4239 garda
651 4170 695 4224 tut
713 4172 746 4225 de
763 4173 852 4240 parler
871 4172 951 4226 d'une
969 4178 1049 4227 autre
1066 4174 1186 4228 muniere
1204 4191 1267 4228 sans
1287 4176 1407 4244 changer
1423 4175 1451 4227 de
1465 4185 1509 4224 sen·

412 4249 538 4304 timent.“
