3288 4900
504 445 618 500 Consilii
637 444 761 512 periodus
781 443 873 499 tertis.
1199 448 1251 500 tte

134 598 193 670 tur,
224 588 276 652 vel
309 590 343 654 in
372 588 465 652 aliud
498 599 628 674 tempus
658 589 860 674 rejiceretur,
895 588 1000 652 donec
1031 589 1251 654 aemulatione
1271 591 1423 696 imm?

138 688 284 752 restincta
309 687 528 774 tranquilliori
552 688 688 768 ratione,
721 689 898 772 animoque
929 688 1099 752 sinceriori
1123 708 1175 750 res
1199 688 1250 750 de·

139 796 325 853 cerneretur.
357 785 564 871 Responsum
589 795 640 857 est
652 807 673 848 a
686 784 836 868 legatis,
856 787 1002 869 primum
1017 805 1060 846 ex
1076 785 1253 870 propositis

139 882 273 948 consiliis
297 883 493 969 perdifficile
517 882 580 948 sibi
605 882 728 963 videri,
760 882 818 946 sed
842 881 983 946 alterum
1007 881 1253 968 desperandum

139 1002 194 1044 non
217 1003 299 1063 esse,
332 999 403 1046 rem
427 981 584 1046 videlicet
608 981 740 1046 differre
764 982 835 1044 sive
858 979 902 1044 ad
925 987 1056 1064 tempus
1079 982 1253 1062 incertum,

138 1080 197 1141 sive
235 1079 280 1143 ad
309 1077 446 1146 Ordinis
485 1089 737 1144 sacramentum.
767 1078 897 1164 ¹,Atque
937 1077 989 1140 sic
1015 1099 1074 1162 pro
1107 1088 1254 1164 tempore

138 1179 277 1260 quaestio
302 1175 359 1243 illa
383 1177 540 1262 perplexa
565 1176 667 1242 dilata
691 1176 763 1241 fnit.
790 1211 832 1229 *-
854 1175 1027 1240 Pontificio
1051 1186 1161 1240 autem
1186 1177 1254 1240 anl-

139 1296 199 1337 nus
231 1274 386 1341 nonnihil
414 1285 528 1340 contra
561 1276 783 1342 mantuanum
813 1285 847 1338 et
876 1273 1098 1359 Seripandum
1123 1274 1255 1359 *legatos

141 1383 313 1439 commotus
336 1373 414 1457 fuit,
444 1373 535 1458 quod
559 1375 786 1460 quaestionem
811 1371 982 1436 difficilem
1007 1383 1039 1436 et
1063 1395 1105 1436 ex
1124 1373 1254 1458 judicio

138 1469 308 1534 multorum
321 1469 417 1536 Sedis
425 1471 640 1556 Apostolicae
655 1473 849 1535 auctoritati.
861 1471 1106 1535 incommodam
1120 1473 1254 1536 tractari

139 1567 295 1649 fecissent,
320 1592 360 1634 sc
385 1572 570 1656 suspicatus
593 1580 644 1634 est
666 1569 756 1651 Pius,
780 1569 816 1632 id
839 1569 920 1633 inde
940 1570 1141 1654 provenisse,
1165 1569 1254 1655 quod

139 1675 268 1752 uterque
282 1667 429 1752 Legatos
453 1669 661 1732 mansionem
678 1689 748 1730 esse
767 1667 854 1753 juris
869 1667 976 1730 divini
994 1677 1128 1747 teneret,
1154 1667 1255 1754 idque

139 1763 307 1830 definitum
330 1775 535 1851 percuperet.
582 1765 896 1850 Indignatio‘aucta
919 1765 1053 1828 videtur
1078 1765 1254 1849 perSimo·

137 1871 263 1945 netum,
291 1865 350 1948 qni
374 1862 472 1928 valde
495 1862 738 1928 adversabatur
760 1861 808 1926 illi
832 1863 1026 1942 sentcntiae,
1050 1873 1083 1928 et
1106 1863 1255 1949 querelas

137 1981 267 2026 suasae
293 1963 427 2026 timores
452 1961 493 2026 de
516 1960 679 2047 ejusmodi
704 1960 900 2024 definitione
930 1961 1029 2025 etiam
1053 1961 1170 2025 litteris
1194 1963 1255 2026 Ro-

137 2079 215 2122 mam
232 2059 363 2126 detulit.
399 2059 484 2124 Inde
507 2059 705 2140 factumest,
730 2069 767 2122 ut
782 2060 859 2127 Pius
872 2057 1104 2144 IV,'quamvis
1119 2059 1254 2145 plurimi

136 2155 250 2222 faceret
267 2157 500 2238 Mantuanum,
524 2168 637 2222 tamen
661 2179 720 2242 per
746 2156 882 2242 aliquod
906 2165 1037 2242 ternpus
1059 2159 1256 2240 cogitaverit

138 2253 172 2316 de
192 2254 418 2341 adjungendis
441 2255 547 2320 tribus
571 2255 644 2319 aliis
669 2255 800 2339 [tegatis
825 2255 955 2344 injure
979 2257 1139 2320 canonico
1156 2256 1255 2321 valde

138 2355 258 2436 peritisq
287 2353 345 2418 sed
368 2353 405 2418 id
421 2355 595 2419 offensioni
612 2351 791 2436 Gonaagae
816 2364 848 2416 et
864 2351 1048 2438 Seripando
1067 2354 1252 2419 videbatur.

137 2448 227 2514 Petiit
243 2450 448 2516 Mantuanus
471 2462 508 2516 ut
530 2451 630 2536 legati
654 2473 775 2515 munus
800 2451 965 2536 deponere
990 2460 1118 2535 posset3
1142 2463 1176 2516 at
1200 2453 1254 2517 ob·

139 2549 285 2613 stiterunt
316 2558 387 2614 tum
420 2551 505 2635 ipse=
522 2549 686 2631 Pontifex,
724 2559 795 2612 tum
827 2550 885 2634 qui
910 2546 1059 2612 Concilio
1096 2549 1255 2632 aderant3

138 2647 217 2728 apud
241 2667 359 2710 omnes
382 2649 471 2712 enim
488 2647 543 2712 hic
556 2648 701 2731 Legatus
725 2649 760 2711 in
784 2669 904 2732 magno
929 2649 1032 2732 pretio
1057 2647 1252 2732 habebatur,

139 2754 227 2828 atque
268 2745 339 2830 ejus
378 2747 556 2810 auctoritas
595 2747 630 2809 in
669 2745 804 2829 Synodo
844 2745 1030 2810 necessaria
1065 2746 1252 2812 videbatur.

139 2839 282 2906 Tandem
297 2865 401 2928 quum
416 2845 536 2908 animis
552 2845 659 2928 magis
675 2843 799 2908 sedatis
811 2842 1015 2927 claresceret,
1032 2843 1252 2909 Mantuanum

141 2939 408 3026 etSeripandum
443 2943 478 3005 in
514 2943 706 3027 quaestione
740 2941 804 3006 hac
839 2941 880 3006 de
919 2943 1091 3005 mansione
1128 2944 1253 3028 optima

139 3056 260 3123 semper
290 3038 356 3103 fide
387 3041 506 3123 egisse,
539 3049 572 3102 et
601 3041 754 3125 quamvis
786 3061 847 3103 suo,
870 3038 1000 3124 judicio
1025 3041 1254 3106 existimarent

139 3139 336 3202 mansionem
361 3159 431 3202 esse
450 3138 537 3223 juris
560 3137 680 3219 divini,
704 3145 816 3202 tamen
840 3159 895 3202 eos
913 3136 1102 3202 nullatenus
1125 3161 1183 3223 pro
1200 3139 1253 3203 de·

138 3230 281 3298 finitione
305 3235 462 3300 facienda
483 3235 705 3316 adlaborasse,
730 3237 818 3322 ipsos
843 3257 974 3320 quoque
990 3245 1022 3298 et
1038 3235 1148 3321 plures
1171 3237 1253 3302 elios

138 3333 272 3413 optimos
296 3333 465 3418 praesules
488 3355 633 3415 censere,
662 3333 746 3399 nihil
770 3356 810 3396 ex
835 3357 874 3397 ea.
898 3334 1090 3419 quaestione
1114 3336 1252 3399 auctori·

138 3430 190 3490 tati
211 3429 385 3503 Pontificis
416 3431 605 3496 detrimenti
638 3433 715 3495 oriri
747 3454 851 3518 posse,
883 3431 1096 3496 difficultates
1119 3444 1253 3497 exortae

139 3530 333 3611 compositae
356 3540 443 3594 sunt.
490 3531 601 3594 Etiam
620 3530 803 3595 Simonetta
827 3540 859 3592 et
875 3527 1045 3614 Gonzaga,
1070 3529 1157 3592 inter
1171 3552 1253 3615 quos

138 3621 331 3692 abalienatio
356 3627 520 3712 quaedem
552 3630 790 3709 intercesserat,
823 3649 900 3692 mox
932 3628 1039 3692 denuo
1070 3631 1251 3694 amicitiam

137 3719 284 3804 inierunt,
310 3747 503 3790 acsumma
527 3726 779 3790 concordiores
805 3724 945 3789 Concilii
971 3725 1203 3812 disposuere.¹)

219 3822 272 3886 98.
320 3821 478 3909 Episcopi
503 3825 645 3909 Hispani
670 3826 801 3909 saepius
824 3823 1047 3909 postularunt,
1072 3835 1109 3887 nt
1133 3825 1252 3889 diserte

140 3913 355 3984 declararetur
387 3919 527 3986 Consilii
559 3923 747 3988 Tridentini
780 3923 995 4000 continuatio,
1026 3945 1066 3986 ac
1097 3924 1179 3986 Pius
1203 3923 1251 3988 IV

139 4012 169 4074 id
204 4015 273 4082 fieri
314 4020 413 4084 etiam
447 4020 674 4101 desiderabat3
714 4020 772 4084 sed
806 4020 1021 4084 vehementer
1055 4019 1252 4085 obstiterunt

140 4157 343 4172 Ἢ-

206 4232 225 4298 ¹)
244 4231 300 4288 Cir.
318 4232 351 4286 de
370 4232 420 4286 hac
439 4233 596 4299 quaestione
614 4233 745 4288 Pallavic.
764 4231 794 4288 L.
805 4231 879 4287 XVI.
