3288 4900
310 567 457 617 objectiones

297 634 382 669 contra
397 628 465 668 oon-‘¹

338 693 424 731 cilium.

473 422 526 477 180
764 420 921 478 XXXVIII.
942 421 982 474 De
1001 420 1118 474 Concilio
1137 419 1303 474 Tridentino.

473 568 544 629 sine
568 567 810 629 intermissione
834 566 947 628 omnia
971 563 1272 646 communicabant,
1305 565 1454 650 nihilque
1478 567 1510 629 in
1531 565 1578 648 Sy·

471 664 559 728 nodo
584 663 654 726 fieri
679 673 817 748 poterat,
843 664 906 726 nisi
931 662 1018 748 quod
1044 662 1181 726 aCuria
1195 662 1345 726 Romana
1369 674 1455 728 esset
1478 686 1578 749 appro-

471 762 585 826 batum
612 761 664 826 vel
688 763 939 847 praescriptum.
986 760 1158 824 Interdum
1183 761 1318 846 qnidcm
1350 760 1505 825 desiderii
1527 762 1575 825 lm·

470 861 640 945 peratoris,
666 851 839 944 nunquam
860 881 938 922 vero
954 860 1212 923 Protestantium
1237 861 1319 922 ratio
1337 858 1529 924 habebatur.
1543 898 1575 906 -

469 959 507 1022 3⁰
532 958 577 1022 Ut
606 957 759 1021 omnibus
791 958 1050 1033 dominarentur,
1084 957 1257 1020 Praesides
1282 960 1315 1020 in
1340 968 1407 1021 tres
1431 960 1578 1022 sectiones
1612 998 1613 1040 3

470 1055 656 1120 Concilium
682 1056 876 1120 diviserunt.
902 1093 944 1106 -
968 1056 1006 1119 40
1030 1055 1147 1140 Legati
1172 1055 1215 1118 ad
1240 1077 1392 1138 examen,
1418 1056 1574 1120 discussio·
1612 1047 1613 1094 i

467 1177 543 1218 nem
569 1164 600 1218 et
624 1155 910 1239 praeparationem
935 1155 1166 1238 quaestionum
1190 1176 1257 1217 non
1281 1153 1503 1218 admittebant
1525 1154 1574 1215 nisi

467 1255 639 1337 episcopos
664 1263 696 1316 et
719 1251 888 1336 theologos
913 1251 1100 1316 catholicos.
1127 1289 1169 1298 -
1193 1252 1231 1315 5⁰
1255 1252 1429 1316 Praesides
1452 1262 1573 1315 utvoto·

466 1373 539 1413 rum
565 1350 722 1434 majorem
748 1361 874 1434 partem
891 1372 957 1434 qua
972 1349 1168 1433 indigebant
1184 1350 1381 1431 obtinerent,
1407 1349 1573 1436 aliquando

465 1448 678 1512 attenderunt
702 1449 807 1512 donec
820 1448 974 1511 Pontifex
985 1448 1107 1511 Paulus
1117 1449 1168 1511 III
1181 1449 1402 1533 quadraginta
1420 1458 1573 1511 evocasset

465 1546 517 1609 vel
536 1556 677 1609 creasset
694 1549 875 1631 episcopm,
894 1567 975 1631 quos
993 1546 1079 1610 illico
1100 1549 1190 1609 misit
1201 1546 1399 1610 Tridentum
1413 1545 1457 1609 ad
1473 1544 1572 1609 Conci·

463 1643 543 1707 lium
570 1665 634 1728 quo
659 1645 824 1727 suffragiis
841 1646 908 1707 suis
923 1644 1066 1727 Legatos
1084 1644 1284 1728 juvarent.¹)
1300 1683 1342 1691 —
1360 1645 1398 1708 6⁰
1414 1644 1572 1707 Praesides

537 1805 558 1867 ¹)
578 1805 653 1858 Haec
672 1803 807 1857 accusatio
826 1803 943 1857 habetur
961 1804 1033 1870 apud
1053 1805 1203 1868 llumculin,
1230 1805 1336 1858 Conseil
1364 1821 1412 1858 sur
1431 1806 1455 1858 le
1474 1806 1523 1858 fait
1545 1805 1571 1856 dn

463 1888 570 1941 Concile
589 1886 746 1950 deTrente;
767 1901 790 1936 a.
810 1885 861 1937 23:
883 1884 938 1949 ,Le
956 1884 998 1938 dit
1017 1892 1072 1937 tres
1083 1893 1217 1938 vertueux
1230 1885 1262 1939 de
1272 1885 1400 1953 Ligneris
1415 1894 1444 1939 et
1453 1885 1570 1953 plusieurs

462 1975 553 2021 autres
573 1972 621 2020 ont
640 1968 684 2020 ete
702 1964 825 2020 temoins,
846 1971 874 2018 et
893 1981 925 2018 en
945 1973 987 2018 est
1005 1968 1113 2018 recente
1127 1966 1153 2017 la
1163 1966 1289 2019 memoire
1302 1965 1382 2018 d'une
1400 1973 1480 2018 autre
1499 1963 1570 2032 prati·

461 2063 512 2113 que
532 2047 610 2113 qu'ils
623 2046 715 2100 virent
734 2045 803 2098 faire
822 2061 857 2097 au
871 2046 912 2098 dit
921 2046 1022 2099 Trente
1043 2046 1079 2098 du
1097 2052 1184 2113 temps
1203 2047 1239 2099 du
1252 2046 1293 2100 dit
1306 2046 1374 2099 Paul
1384 2046 1429 2099 III
1442 2046 1493 2099 l’an
1506 2047 1567 2099 1546,
1606 2047 1608 2117 ξ

461 2128 568 2180 Comme
586 2126 701 2179 l’article
719 2125 752 2178 de
771 2125 798 2178 la
817 2126 954 2180 residente
973 2126 1019 2179 des
1032 2128 1148 2192 eveques
1167 2134 1195 2180 et
1213 2130 1289 2180 cures
1302 2126 1347 2179 fut
1359 2127 1411 2180 mis
1423 2142 1468 2179 sus
1481 2126 1568 2194 ponrle

460 2208 581 2262 declarer
598 2208 656 2261 etre
681 2206 714 2259 de
733 2205 806 2258 droit
824 2206 899 2259 divin
919 2214 947 2260 et
965 2205 1030 2272 qu’il
1050 2205 1147 2260 n’etait
1172 2222 1205 2259 en
1234 2207 1261 2259 la
1285 2206 1427 2273 puissance
1457 2209 1491 2260 du
1508 2207 1568 2272 Pape

459 2288 518 2342 d¹en
537 2289 684 2355 dispenset,
704 2287 742 2339 les
760 2285 929 2339 lieutenants
948 2288 980 2340 de
999 2287 1067 2340 Paul
1080 2287 1124 2340 III
1142 2287 1280 2354 presidens
1299 2288 1378 2340 audit
1397 2287 1510 2351 Concile,
1607 2291 1608 2355 ζ

381 2424 383 2429 ,
459 2375 573 2435 croysnt
591 2384 643 2434 que
661 2368 686 2420 le
706 2367 746 2420 roi
765 2368 894 2433 Francois
913 2367 928 2420 I
946 2369 1070 2421 trouvait
1088 2368 1139 2422 bon
1159 2369 1183 2422 le
1202 2367 1243 2421 dit
1261 2369 1361 2432 decret,
1390 2384 1490 2422 comme
1507 2367 1565 2420 aussi
1607 2370 1608 2376 ’

458 2465 476 2515 y
496 2448 655 2502 adheraient
674 2462 775 2500 aucuns
795 2449 909 2513 eveques
929 2447 1072 2516 espagnols
1090 2448 1145 2501 des*
1155 2448 1215 2514 plns
1235 2448 1445 2513 conscientieux‚
1470 2449 1506 2501 les
1522 2447 1570 2499 dits-

457 2528 625 2582 lieutenants
651 2543 684 2580 en
703 2527 856 2580 avertirent
880 2528 906 2580 le
925 2528 1006 2594 Pape,
1034 2544 1102 2595 pour
1126 2528 1185 2581 leur
1209 2528 1285 2581 uider
1303 2531 1319 2580 a
1339 2528 1503 2596 l'empecher,
1528 2525 1564 2592 qni

457 2610 517 2663 leur
535 2610 634 2662 manda
652 2608 684 2662 de
703 2606 811 2661 differer
830 2609 857 2661 la
875 2609 1029 2663 conclusion
1047 2609 1082 2662 du
1095 2609 1138 2662 dit
1150 2611 1242 2663 decret
1251 2609 1347 2676 jusqui
1361 2612 1377 2661 e
1390 2610 1433 2662 six
1446 2608 1563 2662 semaines
1607 2615 1608 2648 1

457 2704 487 2742 ce
511 2687 587 2754 qn'ils
613 2688 702 2751 firent,
729 2688 848 2754 pendant
873 2688 988 2755 lesquels
1015 2690 1040 2742 le
1059 2690 1133 2756 Papa
1157 2689 1247 2757 partie
1276 2690 1388 2742 creada
1408 2696 1562 2742 nouveauet
1607 2707 1608 2722 ÷

456 2768 588 2822 assembla
604 2766 694 2835 jusqu'
713 2770 729 2819 a
748 2774 881 2833 quarente
899 2770 984 2835 petits
1002 2771 1117 2836 eveques
1136 2769 1169 2824 de
1188 2771 1215 2823 la
1233 2769 1338 2823 Pouille
1358 2775 1386 2822 et
1405 2769 1493 2833 snite,
1511 2766 1561 2833 qn'il
1612 2821 1613 2824 ,

455 2849 488 2902 fit
512 2849 682 2903 hetivement
709 2847 835 2901 conduire
854 2864 904 2915 par
921 2865 985 2914 mer,
1011 2866 1060 2917 par
1077 2866 1115 2903 un
1134 2852 1192 2904 sien
1212 2849 1308 2904 affecte
1326 2849 1465 2916 capitaine
1484 2865 1515 2900 au
1531 2847 1560 2899 dit
1613 2844 1614 2848 ’

454 2929 564 2988 Trente
591 2931 624 2982 od
650 2928 719 2981 etait
738 2928 888 2982 necessaire
915 2929 953 2982 les
972 2931 1094 2984 recevoir
1112 2937 1140 2985 et
1158 2932 1312 2998 incorporer
1331 2946 1366 2984 au
1386 2929 1499 2991 Ooncile,
1526 2925 1559 2992 qni

454 3025 489 3062 ne
502 3009 647 3077 dependait
666 3024 718 3075 qne
736 3009 772 3062 du
785 3010 866 3076 Pape,
886 3012 920 3063 od
938 3010 972 3063 ils
991 3015 1203 3067 commencerent
1222 3016 1238 3065 e
1256 3013 1391 3066 exclamer
1411 3026 1446 3062 au
1467 3025 1521 3062 nom
1537 3006 1559 3057 de
1615 3013 1616 3034 ³

454 3095 516 3143 tous
534 3090 572 3143 les
591 3090 719 3155 eveques:
745 3091 818 3144 Nous
837 3107 871 3144 ne
890 3108 1003 3146 sommas
1022 3108 1073 3159 que
1098 3097 1234 3147 creaturas
1253 3101 1282 3147 et
1299 3092 1449 3146 serviteurs
1468 3091 1501 3143 du
1518 3089 1559 3140 tres

453 3169 527 3223 saint
545 3169 620 3233 Pera,
646 3169 747 3235 unique
766 3178 878 3237 pastenr
897 3178 925 3225 et
943 3172 1001 3225 seul
1019 3174 1079 3226 vrai
1098 3175 1207 3240 eveque,
1233 3172 1342 3240 appeles
1365 3171 1512 3225 seulement
1535 3183 1559 3219 cn

453 3249 567 3315 quelque
596 3250 704 3316 portion
728 3251 764 3303 du
782 3252 841 3303 scin
860 3251 973 3320 d’iceluy
991 3270 1053 3307 sous
1071 3271 1119 3308 son
1139 3255 1191 3308 bon
1209 3254 1305 3322 plaisir
1323 3259 1352 3306 et
1370 3252 1439 3306 libre
1457 3252 1558 3310 valente,
1610 3295 1611 3298 ,

451 3344 519 3381 nous
544 3344 578 3381 ne
597 3329 636 3382 lui
654 3345 774 3396 pouvous
794 3340 821 3384 et
840 3348 874 3386 ne
893 3333 993 3387 devons
1011 3336 1128 3402 imposer
1152 3335 1196 3391 loi.
1234 3335 1271 3387 Et
1290 3333 1361 3387 ainsi
1389 3335 1558 3385 surmontants

451 3409 490 3462 les
518 3415 611 3461 autres
630 3409 663 3462 de
681 3411 792 3464 nombre
811 3418 839 3466 et
858 3422 943 3479 ayant
963 3413 1038 3469 l'aide
1057 3417 1103 3469 des
1122 3416 1260 3483 presidens
1279 3413 1411 3479 nuxquels
1439 3411 1507 3465 sauls
1524 3425 1558 3474 ap·

434 3487 591 3555 >partenait
609 3489 642 3542 de
661 3491 785 3544 conclure
804 3508 838 3544 au
858 3509 919 3546 nom
938 3495 973 3547 du
993 3495 1073 3562 Papa.
1099 3496 1125 3548 le
1144 3495 1185 3548 dit
1203 3495 1277 3548 saint
1296 3495 1388 3547 decret
1415 3492 1460 3545 fut
1488 3490 1557 3557 rejete
1610 3532 1611 3539 t

451 3577 480 3622 et
497 3567 543 3621 fut
561 3585 624 3635 recu
643 3570 668 3623 le
687 3572 778 3625 decret
797 3575 932 3627 contraire
945 3575 1046 3629 d'obeir
1062 3579 1078 3628 e
1097 3583 1188 3630 tontes
1201 3576 1239 3628 les
1252 3576 1375 3628 volontes
1389 3572 1556 3627 exorbitantes

451 3656 479 3702 et
507 3647 716 3714 dispensatoires
745 3652 781 3705 du
809 3654 908 3722 Pape.“
946 3658 996 3723 Ap.
1017 3656 1195 3722 Prompsanlt,
1222 3663 1286 3712 sect.
1307 3655 1339 3711 V.
1367 3669 1394 3707 n.
1423 3651 1555 3706 389-390.

449 3728 559 3780 Abeona
577 3729 644 3782 haec
662 3730 762 3785 fabella
780 3749 855 3786 mera
873 3734 946 3789 fictio
966 3744 1015 3800 est,
1035 3737 1077 3789 uti
1090 3753 1123 3790 ex
1135 3736 1266 3789 historiae
1279 3735 1348 3788 serie
1360 3739 1447 3800 patet.
1466 3729 1554 3785 Sufficit

449 3808 591 3862 advertere
605 3812 634 3861 1υ
647 3810 837 3876 Quaestionem
857 3815 889 3868 de
908 3816 1056 3870 residentia
1074 3816 1122 3869 sub
1135 3817 1219 3869 Panlo
1232 3817 1276 3869 ΙΙΙ
1295 3814 1403 3881 quidem
1421 3818 1481 3881 post
1493 3810 1554 3877 quin·

448 3892 505 3940 tam
524 3888 668 3942 sessionem
688 3891 822 3957 agitatam
843 3908 907 3959 esse,
926 3897 972 3950 sed
985 3897 1092 3950 nonnisi
1105 3897 1154 3949 sub
1168 3896 1216 3949 Pio
1229 3897 1268 3949 IV
1282 3897 1419 3948 decretum
1432 3892 1553 3962 prodiisse.

448 3970 479 4020 2υ
497 3967 584 4021 Sessio
604 3970 641 4021 Vr·
677 3970 770 4024 habita
798 3982 841 4050 est
858 3975 911 4028 die
942 3978 1181 4039 mortalitate,
1209 3976 1292 4030 sessio
1312 3977 1366 4028 VIa
1402 3983 1490 4028 autem
1519 3970 1558 4021 die

449 4052 497 4101 13⁰
515 4048 642 4104 lanuarii
666 4053 739 4104 15⁴7.
777 4053 847 4106 Huic
866 4055 954 4122 igitur
972 4058 1012 4110 illi
1032 4058 1216 4125 quadraginta
1235 4057 1351 4124 episcopi
1376 4056 1501 4109 interesse
1517 4049 1550 4101 tle·

447 4125 577 4185 buissent.
601 4128 652 4182 Sed
662 4145 787 4186 numerus
801 4136 915 4189 Petrum
933 4137 1002 4191 idem
1015 4137 1072 4191 fere
1085 4144 1135 4202 est,
1154 4154 1234 4204 quam
1246 4137 1353 4190 illorum
1367 4137 1413 4203 qni
1423 4134 1549 4188 adfuerunt

446 4207 558 4260 sessioni
577 4211 756 4276 praecedenti.
