<?xml version="1.0" encoding="UTF-8"?>
<!DOCTYPE html PUBLIC "-//W3C//DTD XHTML 1.0 Transitional//EN"
    "http://www.w3.org/TR/xhtml1/DTD/xhtml1-transitional.dtd">
<html xmlns="http://www.w3.org/1999/xhtml" xml:lang="en" lang="en">
 <head>
  <title>
</title>
<meta http-equiv="Content-Type" content="text/html;charset=utf-8" />
  <meta name='ocr-system' content='tesseract 3.04.00' />
  <meta name='ocr-capabilities' content='ocr_page ocr_carea ocr_par ocr_line ocrx_word'/>
</head>
<body>
  <div class='ocr_page' id='page_1' title='image "./dissertationess03junggoog_0431.png"; bbox 0 0 3020 4908; ppageno 0'>
   <div class='ocr_carea' id='block_1_1' title="bbox 272 483 1268 547">
    <p class='ocr_par' dir='ltr' id='par_1_1' title="bbox 272 483 1268 547">
     <span class='ocr_line' id='line_1_1' title="bbox 272 483 1268 547; baseline 0.006 -8"><span class='ocrx_word' id='word_1_1' title='bbox 272 511 275 518; x_wconf 80' lang='grc'><strong><em>·</em></strong></span> <span class='ocrx_word' id='word_1_2' title='bbox 334 487 388 542; x_wconf 87' lang='grc'><strong>418</strong></span> <span class='ocrx_word' id='word_1_3' title='bbox 522 483 609 542; x_wconf 85' lang='lat' dir='ltr'>XLII.</span> <span class='ocrx_word' id='word_1_4' title='bbox 646 485 688 540; x_wconf 91' lang='lat' dir='ltr'><strong>De</strong></span> <span class='ocrx_word' id='word_1_5' title='bbox 704 489 781 540; x_wconf 87' lang='lat' dir='ltr'><strong>statu</strong></span> <span class='ocrx_word' id='word_1_6' title='bbox 800 485 937 541; x_wconf 74' lang='lat' dir='ltr'><strong>Ecclesiae</strong></span> <span class='ocrx_word' id='word_1_7' title='bbox 955 501 1024 542; x_wconf 87' lang='lat' dir='ltr'><strong>saec.</strong></span> <span class='ocrx_word' id='word_1_8' title='bbox 1043 486 1144 542; x_wconf 87' lang='lat' dir='ltr'><strong>decimo</strong></span> <span class='ocrx_word' id='word_1_9' title='bbox 1163 494 1268 547; x_wconf 87' lang='lat' dir='ltr'><strong>octavo.</strong></span> 
     </span>
    </p>
   </div>
   <div class='ocr_carea' id='block_1_2' title="bbox 175 627 1492 3828">
    <p class='ocr_par' dir='ltr' id='par_1_2' title="bbox 175 627 1489 1599">
     <span class='ocr_line' id='line_1_2' title="bbox 175 627 1434 718; baseline 0.004 -24"><span class='ocrx_word' id='word_1_10' title='bbox 175 634 310 674; x_wconf 58' lang='lat' dir='ltr'><strong>mimmii·</strong></span> <span class='ocrx_word' id='word_1_11' title='bbox 335 631 426 694; x_wconf 83' lang='lat' dir='ltr'>xime</span> <span class='ocrx_word' id='word_1_12' title='bbox 450 627 631 694; x_wconf 80' lang='lat' dir='ltr'>accedebat</span> <span class='ocrx_word' id='word_1_13' title='bbox 649 627 776 714; x_wconf 68' lang='lat' dir='ltr'><strong>&#39;gradus</strong></span> <span class='ocrx_word' id='word_1_14' title='bbox 793 629 982 716; x_wconf 76' lang='lat' dir='ltr'><strong>presbytcri,</strong></span> <span class='ocrx_word' id='word_1_15' title='bbox 1008 632 1062 694; x_wconf 89' lang='lat' dir='ltr'><strong>cui</strong></span> <span class='ocrx_word' id='word_1_16' title='bbox 1083 630 1272 697; x_wconf 81' lang='lat' dir='ltr'><strong>substitutio</strong></span> <span class='ocrx_word' id='word_1_17' title='bbox 1289 632 1434 718; x_wconf 83' lang='lat' dir='ltr'><strong>religionis</strong></span> 
     </span>
     <span class='ocr_line' id='line_1_3' title="bbox 335 725 1433 817; baseline 0.004 -25"><span class='ocrx_word' id='word_1_18' title='bbox 335 727 495 793; x_wconf 89' lang='lat' dir='ltr'><strong>naturalis</strong></span> <span class='ocrx_word' id='word_1_19' title='bbox 518 729 553 791; x_wconf 90' lang='lat' dir='ltr'><strong>in</strong></span> <span class='ocrx_word' id='word_1_20' title='bbox 577 725 686 791; x_wconf 91' lang='lat' dir='ltr'><strong>locum</strong></span> <span class='ocrx_word' id='word_1_21' title='bbox 710 726 887 810; x_wconf 81' lang='lat' dir='ltr'><strong>revelatae,</strong></span> <span class='ocrx_word' id='word_1_22' title='bbox 911 738 944 792; x_wconf 90' lang='lat' dir='ltr'><strong>et</strong></span> <span class='ocrx_word' id='word_1_23' title='bbox 966 728 1088 812; x_wconf 87' lang='lat' dir='ltr'><strong>gradus</strong></span> <span class='ocrx_word' id='word_1_24' title='bbox 1106 731 1284 816; x_wconf 71' lang='lat' dir='ltr'><strong>princepis,</strong></span> <span class='ocrx_word' id='word_1_25' title='bbox 1310 733 1360 796; x_wconf 89' lang='lat' dir='ltr'><strong>cui</strong></span> <span class='ocrx_word' id='word_1_26' title='bbox 1380 755 1433 817; x_wconf 91' lang='lat' dir='ltr'><strong>per-</strong></span> 
     </span>
     <span class='ocr_line' id='line_1_4' title="bbox 334 825 1434 910; baseline 0.003 -19"><span class='ocrx_word' id='word_1_27' title='bbox 334 828 472 891; x_wconf 85' lang='lat' dir='ltr'><strong>mutatio</strong></span> <span class='ocrx_word' id='word_1_28' title='bbox 496 825 668 910; x_wconf 85' lang='lat' dir='ltr'><strong>regiminis</strong></span> <span class='ocrx_word' id='word_1_29' title='bbox 691 825 896 890; x_wconf 81' lang='lat' dir='ltr'><strong>monarchici</strong></span> <span class='ocrx_word' id='word_1_30' title='bbox 928 848 1004 889; x_wconf 89' lang='lat' dir='ltr'><strong>cum</strong></span> <span class='ocrx_word' id='word_1_31' title='bbox 1030 825 1251 891; x_wconf 89' lang='lat' dir='ltr'><strong>democratico</strong></span> <span class='ocrx_word' id='word_1_32' title='bbox 1276 832 1434 894; x_wconf 88' lang='lat' dir='ltr'><strong>committe·</strong></span> 
     </span>
     <span class='ocr_line' id='line_1_5' title="bbox 332 922 1437 1012; baseline 0.002 -23"><span class='ocrx_word' id='word_1_33' title='bbox 332 925 440 991; x_wconf 88' lang='lat' dir='ltr'><strong>batur.</strong></span> <span class='ocrx_word' id='word_1_34' title='bbox 469 924 516 989; x_wconf 91' lang='lat' dir='ltr'><strong>Ut</strong></span> <span class='ocrx_word' id='word_1_35' title='bbox 538 923 620 987; x_wconf 92' lang='lat' dir='ltr'><strong>fines</strong></span> <span class='ocrx_word' id='word_1_36' title='bbox 638 945 714 987; x_wconf 92' lang='lat' dir='ltr'><strong>suos</strong></span> <span class='ocrx_word' id='word_1_37' title='bbox 731 923 928 1008; x_wconf 85' lang='lat' dir='ltr'><strong>obtinerent,</strong></span> <span class='ocrx_word' id='word_1_38' title='bbox 953 922 1136 988; x_wconf 88' lang='lat' dir='ltr'><strong>Illumineti</strong></span> <span class='ocrx_word' id='word_1_39' title='bbox 1154 924 1330 1011; x_wconf 90' lang='lat' dir='ltr'><strong>quibusvis</strong></span> <span class='ocrx_word' id='word_1_40' title='bbox 1345 931 1437 1012; x_wconf 88' lang='lat' dir='ltr'><strong>pravis</strong></span> 
     </span>
     <span class='ocr_line' id='line_1_6' title="bbox 333 1020 1438 1113; baseline 0.002 -25"><span class='ocrx_word' id='word_1_41' title='bbox 333 1023 512 1088; x_wconf 90' lang='lat' dir='ltr'><strong>utebantur</strong></span> <span class='ocrx_word' id='word_1_42' title='bbox 544 1020 664 1085; x_wconf 86' lang='lat' dir='ltr'><strong>mediis</strong></span> <span class='ocrx_word' id='word_1_43' title='bbox 697 1030 729 1084; x_wconf 90' lang='lat' dir='ltr'><strong>et</strong></span> <span class='ocrx_word' id='word_1_44' title='bbox 752 1043 961 1108; x_wconf 90' lang='lat' dir='ltr'><strong>summopere</strong></span> <span class='ocrx_word' id='word_1_45' title='bbox 988 1021 1124 1113; x_wconf 80' lang='lat' dir='ltr'><strong>¹solliciti</strong></span> <span class='ocrx_word' id='word_1_46' title='bbox 1153 1031 1263 1107; x_wconf 89' lang='lat' dir='ltr'><strong>erant,</strong></span> <span class='ocrx_word' id='word_1_47' title='bbox 1300 1033 1337 1088; x_wconf 90' lang='lat' dir='ltr'><strong>ut</strong></span> <span class='ocrx_word' id='word_1_48' title='bbox 1366 1029 1438 1090; x_wconf 90' lang='lat' dir='ltr'><strong>viros</strong></span> 
     </span>
     <span class='ocr_line' id='line_1_7' title="bbox 332 1118 1438 1208; baseline 0.001 -22"><span class='ocrx_word' id='word_1_49' title='bbox 332 1120 525 1186; x_wconf 90' lang='lat' dir='ltr'><strong>muneribus</strong></span> <span class='ocrx_word' id='word_1_50' title='bbox 548 1118 693 1205; x_wconf 86' lang='lat' dir='ltr'><strong>publicis</strong></span> <span class='ocrx_word' id='word_1_51' title='bbox 722 1120 897 1203; x_wconf 86' lang='lat' dir='ltr'><strong>fungentes</strong></span> <span class='ocrx_word' id='word_1_52' title='bbox 920 1120 964 1184; x_wconf 88' lang='lat' dir='ltr'><strong>ad</strong></span> <span class='ocrx_word' id='word_1_53' title='bbox 987 1141 1081 1184; x_wconf 91' lang='lat' dir='ltr'><strong>suam</strong></span> <span class='ocrx_word' id='word_1_54' title='bbox 1113 1123 1306 1186; x_wconf 90' lang='lat' dir='ltr'><strong>societatem</strong></span> <span class='ocrx_word' id='word_1_55' title='bbox 1336 1133 1438 1208; x_wconf 89' lang='lat' dir='ltr'><strong>pertra-</strong></span> 
     </span>
     <span class='ocr_line' id='line_1_8' title="bbox 332 1216 1440 1308; baseline 0.003 -26"><span class='ocrx_word' id='word_1_56' title='bbox 332 1219 465 1299; x_wconf 86' lang='lat' dir='ltr'><strong>herent,</strong></span> <span class='ocrx_word' id='word_1_57' title='bbox 497 1227 529 1281; x_wconf 92' lang='lat' dir='ltr'><strong>et</strong></span> <span class='ocrx_word' id='word_1_58' title='bbox 551 1238 691 1281; x_wconf 86' lang='lat' dir='ltr'><strong>munera</strong></span> <span class='ocrx_word' id='word_1_59' title='bbox 713 1216 866 1302; x_wconf 90' lang='lat' dir='ltr'><strong>publica,</strong></span> <span class='ocrx_word' id='word_1_60' title='bbox 899 1217 1141 1308; x_wconf 72' lang='lat' dir='ltr'><strong>civiliaaeque</strong></span> <span class='ocrx_word' id='word_1_61' title='bbox 1170 1241 1209 1282; x_wconf 87' lang='lat' dir='ltr'><strong>ac</strong></span> <span class='ocrx_word' id='word_1_62' title='bbox 1233 1219 1440 1285; x_wconf 84' lang='lat' dir='ltr'><strong>ecclesiastica</strong></span> 
     </span>
     <span class='ocr_line' id='line_1_9' title="bbox 332 1314 1439 1402; baseline 0.003 -22"><span class='ocrx_word' id='word_1_63' title='bbox 332 1315 524 1381; x_wconf 88' lang='lat' dir='ltr'><strong>hominibus</strong></span> <span class='ocrx_word' id='word_1_64' title='bbox 548 1315 592 1379; x_wconf 85' lang='lat' dir='ltr'><strong>ad</strong></span> <span class='ocrx_word' id='word_1_65' title='bbox 608 1335 641 1378; x_wconf 93' lang='lat' dir='ltr'><strong>se</strong></span> <span class='ocrx_word' id='word_1_66' title='bbox 656 1314 900 1399; x_wconf 87' lang='lat' dir='ltr'><strong>pertinentibus</strong></span> <span class='ocrx_word' id='word_1_67' title='bbox 917 1316 1116 1396; x_wconf 88' lang='lat' dir='ltr'><strong>conferrent,</strong></span> <span class='ocrx_word' id='word_1_68' title='bbox 1141 1316 1286 1402; x_wconf 91' lang='lat' dir='ltr'><strong>denique</strong></span> <span class='ocrx_word' id='word_1_69' title='bbox 1304 1328 1341 1382; x_wconf 90' lang='lat' dir='ltr'><strong>ut</strong></span> <span class='ocrx_word' id='word_1_70' title='bbox 1354 1319 1439 1383; x_wconf 88' lang='lat' dir='ltr'><strong>libros</strong></span> 
     </span>
     <span class='ocr_line' id='line_1_10' title="bbox 332 1413 1440 1503; baseline 0.002 -24"><span class='ocrx_word' id='word_1_71' title='bbox 332 1416 400 1479; x_wconf 90' lang='lat' dir='ltr'><strong>suis</strong></span> <span class='ocrx_word' id='word_1_72' title='bbox 433 1413 580 1478; x_wconf 75' lang='lat' dir='ltr'><strong>&#39;consiliis</strong></span> <span class='ocrx_word' id='word_1_73' title='bbox 604 1422 636 1477; x_wconf 92' lang='lat' dir='ltr'><strong>et</strong></span> <span class='ocrx_word' id='word_1_74' title='bbox 660 1413 832 1476; x_wconf 82' lang='lat' dir='ltr'><strong>sententiis</strong></span> <span class='ocrx_word' id='word_1_75' title='bbox 861 1433 1023 1496; x_wconf 85' lang='lat' dir='ltr'><strong>congruos</strong></span> <span class='ocrx_word' id='word_1_76' title='bbox 1053 1426 1303 1499; x_wconf 84' lang='lat' dir='ltr'><strong>propugnarent</strong></span> <span class='ocrx_word' id='word_1_77' title='bbox 1334 1427 1365 1480; x_wconf 90' lang='lat' dir='ltr'><strong>et</strong></span> <span class='ocrx_word' id='word_1_78' title='bbox 1384 1439 1440 1503; x_wconf 91' lang='lat' dir='ltr'><strong>pro-</strong></span> 
     </span>
     <span class='ocr_line' id='line_1_11' title="bbox 332 1521 502 1599; baseline -0.006 -22"><span class='ocrx_word' id='word_1_79' title='bbox 332 1521 502 1599; x_wconf 87' lang='lat' dir='ltr'><strong>pagarent.</strong></span> 
     </span>
    </p>

    <p class='ocr_par' dir='ltr' id='par_1_3' title="bbox 282 1607 1492 3828">
     <span class='ocr_line' id='line_1_12' title="bbox 347 1607 1441 1695; baseline 0.004 -22"><span class='ocrx_word' id='word_1_80' title='bbox 347 1639 349 1646; x_wconf 69' lang='lat'><strong>,</strong></span> <span class='ocrx_word' id='word_1_81' title='bbox 420 1608 473 1674; x_wconf 84' lang='lat'><strong>53.</strong></span> <span class='ocrx_word' id='word_1_82' title='bbox 521 1607 620 1671; x_wconf 82' lang='lat' dir='ltr'><strong>Anno</strong></span> <span class='ocrx_word' id='word_1_83' title='bbox 646 1607 733 1671; x_wconf 80' lang='lat'>1784</span> <span class='ocrx_word' id='word_1_84' title='bbox 756 1607 943 1690; x_wconf 88' lang='lat' dir='ltr'><strong>perniciosa</strong></span> <span class='ocrx_word' id='word_1_85' title='bbox 973 1629 1086 1672; x_wconf 92' lang='lat' dir='ltr'><strong>eorum</strong></span> <span class='ocrx_word' id='word_1_86' title='bbox 1112 1613 1316 1695; x_wconf 84' lang='lat' dir='ltr'><strong>conspiratio</strong></span> <span class='ocrx_word' id='word_1_87' title='bbox 1341 1614 1372 1676; x_wconf 94' lang='lat' dir='ltr'><strong>in</strong></span> <span class='ocrx_word' id='word_1_88' title='bbox 1393 1613 1441 1676; x_wconf 85' lang='lat' dir='ltr'><strong>Ba·</strong></span> 
     </span>
     <span class='ocr_line' id='line_1_13' title="bbox 333 1704 1442 1794; baseline 0.003 -25"><span class='ocrx_word' id='word_1_89' title='bbox 333 1707 426 1771; x_wconf 90' lang='lat' dir='ltr'><strong>varia</strong></span> <span class='ocrx_word' id='word_1_90' title='bbox 456 1706 586 1769; x_wconf 89' lang='lat' dir='ltr'><strong>detecta</strong></span> <span class='ocrx_word' id='word_1_91' title='bbox 616 1713 648 1767; x_wconf 89' lang='lat' dir='ltr'><strong>et</strong></span> <span class='ocrx_word' id='word_1_92' title='bbox 672 1725 748 1767; x_wconf 91' lang='lat' dir='ltr'><strong>cum</strong></span> <span class='ocrx_word' id='word_1_93' title='bbox 772 1704 846 1768; x_wconf 89' lang='lat' dir='ltr'><strong>aliis</strong></span> <span class='ocrx_word' id='word_1_94' title='bbox 869 1705 1083 1771; x_wconf 86' lang='lat' dir='ltr'><strong>societatibus</strong></span> <span class='ocrx_word' id='word_1_95' title='bbox 1106 1706 1246 1772; x_wconf 88' lang='lat' dir='ltr'><strong>occultis</strong></span> <span class='ocrx_word' id='word_1_96' title='bbox 1275 1712 1442 1794; x_wconf 83' lang='lat' dir='ltr'><strong>proscripta</strong></span> 
     </span>
     <span class='ocr_line' id='line_1_14' title="bbox 332 1801 1443 1889; baseline 0.001 -19"><span class='ocrx_word' id='word_1_97' title='bbox 332 1815 398 1886; x_wconf 85' lang='lat' dir='ltr'><strong>est3</strong></span> <span class='ocrx_word' id='word_1_98' title='bbox 423 1805 504 1868; x_wconf 88' lang='lat' dir='ltr'><strong>socii</strong></span> <span class='ocrx_word' id='word_1_99' title='bbox 526 1802 722 1866; x_wconf 92' lang='lat' dir='ltr'><strong>muneribus</strong></span> <span class='ocrx_word' id='word_1_100' title='bbox 744 1801 888 1887; x_wconf 87' lang='lat' dir='ltr'><strong>publicis</strong></span> <span class='ocrx_word' id='word_1_101' title='bbox 912 1806 1046 1889; x_wconf 89' lang='lat' dir='ltr'><strong>privati,</strong></span> <span class='ocrx_word' id='word_1_102' title='bbox 1071 1805 1222 1870; x_wconf 91' lang='lat' dir='ltr'><strong>nonnulli</strong></span> <span class='ocrx_word' id='word_1_103' title='bbox 1243 1808 1346 1871; x_wconf 88' lang='lat' dir='ltr'><strong>etiam</strong></span> <span class='ocrx_word' id='word_1_104' title='bbox 1369 1830 1443 1870; x_wconf 86' lang='lat' dir='ltr'><strong>man·</strong></span> 
     </span>
     <span class='ocr_line' id='line_1_15' title="bbox 333 1900 1442 1988; baseline -0.001 -21"><span class='ocrx_word' id='word_1_105' title='bbox 333 1903 434 1988; x_wconf 89' lang='lat' dir='ltr'><strong>cipati</strong></span> <span class='ocrx_word' id='word_1_106' title='bbox 449 1911 526 1966; x_wconf 92' lang='lat' dir='ltr'><strong>sunt</strong></span> <span class='ocrx_word' id='word_1_107' title='bbox 542 1901 666 1964; x_wconf 88' lang='lat' dir='ltr'><strong>carceri</strong></span> <span class='ocrx_word' id='word_1_108' title='bbox 692 1901 746 1963; x_wconf 89' lang='lat' dir='ltr'><strong>cui</strong></span> <span class='ocrx_word' id='word_1_109' title='bbox 761 1900 962 1986; x_wconf 89' lang='lat' dir='ltr'><strong>Weishaupt</strong></span> <span class='ocrx_word' id='word_1_110' title='bbox 986 1902 1065 1986; x_wconf 83' lang='lat' dir='ltr'><strong>fuga</strong></span> <span class='ocrx_word' id='word_1_111' title='bbox 1081 1923 1115 1966; x_wconf 88' lang='lat' dir='ltr'><strong>se</strong></span> <span class='ocrx_word' id='word_1_112' title='bbox 1132 1902 1309 1972; x_wconf 85' lang='lat' dir='ltr'><strong>subtraxit.</strong></span> <span class='ocrx_word' id='word_1_113' title='bbox 1348 1905 1442 1986; x_wconf 77' lang='lat' dir='ltr'><strong>Quum</strong></span> 
     </span>
     <span class='ocr_line' id='line_1_16' title="bbox 332 1995 1491 2082; baseline 0 -18"><span class='ocrx_word' id='word_1_114' title='bbox 332 2023 410 2064; x_wconf 92' lang='lat' dir='ltr'><strong>vero</strong></span> <span class='ocrx_word' id='word_1_115' title='bbox 442 2000 580 2064; x_wconf 87' lang='lat' dir='ltr'><strong>aliarum</strong></span> <span class='ocrx_word' id='word_1_116' title='bbox 611 1999 785 2082; x_wconf 87' lang='lat' dir='ltr'><strong>regionum</strong></span> <span class='ocrx_word' id='word_1_117' title='bbox 815 2000 850 2064; x_wconf 92' lang='lat' dir='ltr'><strong>in</strong></span> <span class='ocrx_word' id='word_1_118' title='bbox 875 1998 1059 2064; x_wconf 86' lang='lat' dir='ltr'><strong>Germania</strong></span> <span class='ocrx_word' id='word_1_119' title='bbox 1089 1995 1232 2067; x_wconf 79' lang='lat' dir='ltr'><strong>rectores</strong></span> <span class='ocrx_word' id='word_1_120' title='bbox 1256 2003 1442 2067; x_wconf 88' lang='lat' dir='ltr'><strong>Illuminatis</strong></span> <span class='ocrx_word' id='word_1_121' title='bbox 1490 1999 1491 2002; x_wconf 60' lang='grc'>’</span> 
     </span>
     <span class='ocr_line' id='line_1_17' title="bbox 331 2095 1442 2179; baseline -0.001 -16"><span class='ocrx_word' id='word_1_122' title='bbox 331 2099 498 2177; x_wconf 90' lang='lat' dir='ltr'><strong>faverent,</strong></span> <span class='ocrx_word' id='word_1_123' title='bbox 536 2107 625 2161; x_wconf 86' lang='lat' dir='ltr'><strong>secta</strong></span> <span class='ocrx_word' id='word_1_124' title='bbox 654 2095 784 2159; x_wconf 90' lang='lat' dir='ltr'><strong>illorum</strong></span> <span class='ocrx_word' id='word_1_125' title='bbox 817 2096 971 2179; x_wconf 87' lang='lat' dir='ltr'><strong>gubernii</strong></span> <span class='ocrx_word' id='word_1_126' title='bbox 995 2099 1151 2162; x_wconf 90' lang='lat' dir='ltr'><strong>Bavarici</strong></span> <span class='ocrx_word' id='word_1_127' title='bbox 1184 2102 1361 2166; x_wconf 89' lang='lat' dir='ltr'><strong>conatibus</strong></span> <span class='ocrx_word' id='word_1_128' title='bbox 1390 2122 1442 2164; x_wconf 93' lang='lat' dir='ltr'><strong>non</strong></span> 
     </span>
     <span class='ocr_line' id='line_1_18' title="bbox 333 2194 1443 2283; baseline -0.002 -21"><span class='ocrx_word' id='word_1_129' title='bbox 333 2213 381 2263; x_wconf 89' lang='lat' dir='ltr'><strong>est</strong></span> <span class='ocrx_word' id='word_1_130' title='bbox 422 2197 586 2260; x_wconf 87' lang='lat' dir='ltr'><strong>exstincta</strong></span> <span class='ocrx_word' id='word_1_131' title='bbox 624 2194 682 2258; x_wconf 88' lang='lat' dir='ltr'><strong>sed</strong></span> <span class='ocrx_word' id='word_1_132' title='bbox 724 2195 929 2258; x_wconf 87' lang='lat' dir='ltr'><strong>incrementa</strong></span> <span class='ocrx_word' id='word_1_133' title='bbox 966 2197 1070 2281; x_wconf 87' lang='lat' dir='ltr'><strong>cepit,</strong></span> <span class='ocrx_word' id='word_1_134' title='bbox 1107 2218 1243 2283; x_wconf 86' lang='lat' dir='ltr'><strong>seseque</strong></span> <span class='ocrx_word' id='word_1_135' title='bbox 1276 2199 1443 2263; x_wconf 87' lang='lat' dir='ltr'><strong>Illuminati</strong></span> 
     </span>
     <span class='ocr_line' id='line_1_19' title="bbox 333 2292 1442 2378; baseline -0.001 -18"><span class='ocrx_word' id='word_1_136' title='bbox 333 2298 538 2360; x_wconf 88' lang='lat' dir='ltr'><strong>miscuerunt</strong></span> <span class='ocrx_word' id='word_1_137' title='bbox 569 2302 602 2355; x_wconf 91' lang='lat' dir='ltr'><strong>et</strong></span> <span class='ocrx_word' id='word_1_138' title='bbox 619 2293 816 2378; x_wconf 72' lang='lat' dir='ltr'><strong>‘junxerunt</strong></span> <span class='ocrx_word' id='word_1_139' title='bbox 839 2292 1058 2358; x_wconf 81' lang='lat' dir='ltr'><strong>Massonibua.</strong></span> <span class='ocrx_word' id='word_1_140' title='bbox 1103 2293 1289 2361; x_wconf 89' lang='lat' dir='ltr'><strong>Illuminati</strong></span> <span class='ocrx_word' id='word_1_141' title='bbox 1320 2321 1349 2362; x_wconf 90' lang='lat' dir='ltr'><strong>a.</strong></span> <span class='ocrx_word' id='word_1_142' title='bbox 1375 2297 1442 2360; x_wconf 74' lang='lat'>1786</span> 
     </span>
     <span class='ocr_line' id='line_1_20' title="bbox 332 2391 1443 2479; baseline -0.002 -21"><span class='ocrx_word' id='word_1_143' title='bbox 332 2393 456 2479; x_wconf 86' lang='lat' dir='ltr'><strong>legatos</strong></span> <span class='ocrx_word' id='word_1_144' title='bbox 483 2392 628 2456; x_wconf 86' lang='lat' dir='ltr'><strong>Parisios</strong></span> <span class='ocrx_word' id='word_1_145' title='bbox 660 2391 838 2469; x_wconf 87' lang='lat' dir='ltr'><strong>miserunt,</strong></span> <span class='ocrx_word' id='word_1_146' title='bbox 874 2401 911 2454; x_wconf 89' lang='lat' dir='ltr'><strong>ut</strong></span> <span class='ocrx_word' id='word_1_147' title='bbox 942 2393 1115 2456; x_wconf 89' lang='lat' dir='ltr'><strong>societates</strong></span> <span class='ocrx_word' id='word_1_148' title='bbox 1146 2393 1296 2459; x_wconf 85' lang='lat' dir='ltr'><strong>Gallicas</strong></span> <span class='ocrx_word' id='word_1_149' title='bbox 1320 2396 1443 2460; x_wconf 86' lang='lat' dir='ltr'><strong>Franco·</strong></span> 
     </span>
     <span class='ocr_line' id='line_1_21' title="bbox 334 2488 1441 2578; baseline -0.002 -22"><span class='ocrx_word' id='word_1_150' title='bbox 334 2501 537 2556; x_wconf 90' lang='lat' dir='ltr'><strong>muratorum</strong></span> <span class='ocrx_word' id='word_1_151' title='bbox 570 2488 614 2553; x_wconf 90' lang='lat' dir='ltr'><strong>ad</strong></span> <span class='ocrx_word' id='word_1_152' title='bbox 647 2509 723 2551; x_wconf 88' lang='lat' dir='ltr'><strong>suas</strong></span> <span class='ocrx_word' id='word_1_153' title='bbox 755 2498 865 2573; x_wconf 86' lang='lat' dir='ltr'><strong>partes</strong></span> <span class='ocrx_word' id='word_1_154' title='bbox 898 2488 1144 2574; x_wconf 85' lang='lat' dir='ltr'><strong>pertraherent,</strong></span> <span class='ocrx_word' id='word_1_155' title='bbox 1180 2492 1290 2576; x_wconf 90' lang='lat' dir='ltr'><strong>quod,</strong></span> <span class='ocrx_word' id='word_1_156' title='bbox 1328 2513 1441 2578; x_wconf 88' lang='lat' dir='ltr'><strong>operam</strong></span> 
     </span>
     <span class='ocr_line' id='line_1_22' title="bbox 334 2584 1492 2673; baseline -0.003 -19"><span class='ocrx_word' id='word_1_157' title='bbox 334 2586 492 2654; x_wconf 90' lang='lat' dir='ltr'><strong>dantibus</strong></span> <span class='ocrx_word' id='word_1_158' title='bbox 525 2584 706 2650; x_wconf 88' lang='lat' dir='ltr'><strong>incredulis</strong></span> <span class='ocrx_word' id='word_1_159' title='bbox 739 2588 796 2672; x_wconf 92' lang='lat' dir='ltr'><strong>qui</strong></span> <span class='ocrx_word' id='word_1_160' title='bbox 825 2587 950 2651; x_wconf 88' lang='lat' dir='ltr'><strong>eisdem</strong></span> <span class='ocrx_word' id='word_1_161' title='bbox 984 2587 1143 2673; x_wconf 87' lang='lat' dir='ltr'><strong>adscripti</strong></span> <span class='ocrx_word' id='word_1_162' title='bbox 1167 2599 1278 2672; x_wconf 90' lang='lat' dir='ltr'><strong>erant,</strong></span> <span class='ocrx_word' id='word_1_163' title='bbox 1318 2591 1441 2656; x_wconf 87' lang='lat' dir='ltr'><strong>breviter</strong></span> <span class='ocrx_word' id='word_1_164' title='bbox 1491 2619 1492 2622; x_wconf 38' lang='lat'>¹</span> 
     </span>
     <span class='ocr_line' id='line_1_23' title="bbox 334 2681 1441 2753; baseline -0.003 -3"><span class='ocrx_word' id='word_1_165' title='bbox 334 2688 487 2752; x_wconf 87' lang='lat' dir='ltr'><strong>effectum</strong></span> <span class='ocrx_word' id='word_1_166' title='bbox 523 2695 581 2749; x_wconf 86' lang='lat' dir='ltr'><strong>est.</strong></span> <span class='ocrx_word' id='word_1_167' title='bbox 628 2681 822 2748; x_wconf 82' lang='lat' dir='ltr'><strong>Generatim</strong></span> <span class='ocrx_word' id='word_1_168' title='bbox 857 2693 929 2749; x_wconf 90' lang='lat' dir='ltr'><strong>tum</strong></span> <span class='ocrx_word' id='word_1_169' title='bbox 963 2684 1134 2749; x_wconf 89' lang='lat' dir='ltr'><strong>Massones</strong></span> <span class='ocrx_word' id='word_1_170' title='bbox 1168 2694 1240 2751; x_wconf 90' lang='lat' dir='ltr'><strong>tum</strong></span> <span class='ocrx_word' id='word_1_171' title='bbox 1277 2688 1441 2753; x_wconf 86' lang='lat' dir='ltr'><strong>Illuminati</strong></span> 
     </span>
     <span class='ocr_line' id='line_1_24' title="bbox 333 2781 1442 2850; baseline -0.002 -2"><span class='ocrx_word' id='word_1_172' title='bbox 333 2785 518 2848; x_wconf 87' lang='lat' dir='ltr'><strong>maximum</strong></span> <span class='ocrx_word' id='word_1_173' title='bbox 551 2781 716 2845; x_wconf 86' lang='lat' dir='ltr'><strong>influxum</strong></span> <span class='ocrx_word' id='word_1_174' title='bbox 751 2793 973 2846; x_wconf 89' lang='lat' dir='ltr'><strong>exercuerunt</strong></span> <span class='ocrx_word' id='word_1_175' title='bbox 1005 2784 1039 2846; x_wconf 92' lang='lat' dir='ltr'><strong>in</strong></span> <span class='ocrx_word' id='word_1_176' title='bbox 1064 2782 1319 2850; x_wconf 87' lang='lat' dir='ltr'><strong>subversionem</strong></span> <span class='ocrx_word' id='word_1_177' title='bbox 1352 2805 1442 2850; x_wconf 88' lang='lat' dir='ltr'><strong>rerum</strong></span> 
     </span>
     <span class='ocr_line' id='line_1_25' title="bbox 334 2879 1443 2969; baseline -0.002 -23"><span class='ocrx_word' id='word_1_178' title='bbox 334 2904 419 2968; x_wconf 85' lang='lat' dir='ltr'><strong>quae</strong></span> <span class='ocrx_word' id='word_1_179' title='bbox 442 2879 574 2945; x_wconf 89' lang='lat' dir='ltr'><strong>labente</strong></span> <span class='ocrx_word' id='word_1_180' title='bbox 598 2879 729 2944; x_wconf 90' lang='lat' dir='ltr'><strong>saeculo</strong></span> <span class='ocrx_word' id='word_1_181' title='bbox 754 2879 882 2943; x_wconf 88' lang='lat' dir='ltr'><strong>decimo</strong></span> <span class='ocrx_word' id='word_1_182' title='bbox 908 2888 1025 2944; x_wconf 90' lang='lat' dir='ltr'><strong>octavo</strong></span> <span class='ocrx_word' id='word_1_183' title='bbox 1050 2881 1191 2965; x_wconf 89' lang='lat' dir='ltr'><strong>accidit,</strong></span> <span class='ocrx_word' id='word_1_184' title='bbox 1216 2892 1321 2969; x_wconf 88' lang='lat' dir='ltr'><strong>atque</strong></span> <span class='ocrx_word' id='word_1_185' title='bbox 1346 2885 1379 2948; x_wconf 93' lang='lat' dir='ltr'><strong>in</strong></span> <span class='ocrx_word' id='word_1_186' title='bbox 1400 2881 1443 2948; x_wconf 89' lang='lat' dir='ltr'><strong>Or·</strong></span> 
     </span>
     <span class='ocr_line' id='line_1_26' title="bbox 333 2976 1443 3065; baseline -0.001 -21"><span class='ocrx_word' id='word_1_187' title='bbox 333 2981 450 3045; x_wconf 89' lang='lat' dir='ltr'><strong>dinum</strong></span> <span class='ocrx_word' id='word_1_188' title='bbox 473 2977 701 3062; x_wconf 84' lang='lat' dir='ltr'><strong>religiosorum</strong></span> <span class='ocrx_word' id='word_1_189' title='bbox 732 2987 764 3041; x_wconf 90' lang='lat' dir='ltr'><strong>et</strong></span> <span class='ocrx_word' id='word_1_190' title='bbox 787 2976 959 3042; x_wconf 86' lang='lat' dir='ltr'><strong>Ecclesiae</strong></span> <span class='ocrx_word' id='word_1_191' title='bbox 984 2978 1169 3044; x_wconf 89' lang='lat' dir='ltr'><strong>catholicae</strong></span> <span class='ocrx_word' id='word_1_192' title='bbox 1201 2984 1443 3065; x_wconf 87' lang='lat' dir='ltr'><strong>persecutiones.</strong></span> 
     </span>
     <span class='ocr_line' id='line_1_27' title="bbox 333 3075 1444 3165; baseline -0.003 -22"><span class='ocrx_word' id='word_1_193' title='bbox 333 3076 543 3143; x_wconf 84' lang='lat' dir='ltr'><strong>Facillimum</strong></span> <span class='ocrx_word' id='word_1_194' title='bbox 574 3077 674 3140; x_wconf 89' lang='lat' dir='ltr'><strong>etiam</strong></span> <span class='ocrx_word' id='word_1_195' title='bbox 703 3075 769 3138; x_wconf 82' lang='lat' dir='ltr'><strong>fuit</strong></span> <span class='ocrx_word' id='word_1_196' title='bbox 798 3076 833 3139; x_wconf 91' lang='lat' dir='ltr'><strong>in</strong></span> <span class='ocrx_word' id='word_1_197' title='bbox 857 3077 960 3140; x_wconf 89' lang='lat' dir='ltr'><strong>variis</strong></span> <span class='ocrx_word' id='word_1_198' title='bbox 990 3077 1184 3160; x_wconf 87' lang='lat' dir='ltr'><strong>regionibus</strong></span> <span class='ocrx_word' id='word_1_199' title='bbox 1215 3080 1364 3165; x_wconf 88' lang='lat' dir='ltr'><strong>adjicere</strong></span> <span class='ocrx_word' id='word_1_200' title='bbox 1391 3088 1444 3141; x_wconf 85' lang='lat' dir='ltr'><strong>tsn-</strong></span> 
     </span>
     <span class='ocr_line' id='line_1_28' title="bbox 282 3173 1444 3261; baseline -0.006 -20"><span class='ocrx_word' id='word_1_201' title='bbox 282 3213 285 3219; x_wconf 77' lang='lat'><strong>,</strong></span> <span class='ocrx_word' id='word_1_202' title='bbox 333 3177 466 3242; x_wconf 88' lang='lat' dir='ltr'><strong>dentiae</strong></span> <span class='ocrx_word' id='word_1_203' title='bbox 488 3173 635 3258; x_wconf 86' lang='lat' dir='ltr'><strong>generali</strong></span> <span class='ocrx_word' id='word_1_204' title='bbox 659 3173 791 3237; x_wconf 89' lang='lat' dir='ltr'><strong>illarum</strong></span> <span class='ocrx_word' id='word_1_205' title='bbox 815 3175 1011 3238; x_wconf 89' lang='lat' dir='ltr'><strong>societatum</strong></span> <span class='ocrx_word' id='word_1_206' title='bbox 1035 3197 1154 3260; x_wconf 91' lang='lat' dir='ltr'><strong>scopos</strong></span> <span class='ocrx_word' id='word_1_207' title='bbox 1177 3177 1379 3261; x_wconf 86' lang='lat' dir='ltr'><strong>peculiares,</strong></span> <span class='ocrx_word' id='word_1_208' title='bbox 1406 3175 1444 3238; x_wconf 88' lang='lat' dir='ltr'><strong>uti</strong></span> 
     </span>
     <span class='ocr_line' id='line_1_29' title="bbox 333 3272 1444 3358; baseline -0.004 -21"><span class='ocrx_word' id='word_1_209' title='bbox 333 3275 540 3338; x_wconf 90' lang='lat' dir='ltr'><strong>eversionem</strong></span> <span class='ocrx_word' id='word_1_210' title='bbox 564 3272 729 3354; x_wconf 84' lang='lat' dir='ltr'><strong>gubernii,</strong></span> <span class='ocrx_word' id='word_1_211' title='bbox 755 3275 955 3337; x_wconf 89' lang='lat' dir='ltr'><strong>mutationes</strong></span> <span class='ocrx_word' id='word_1_212' title='bbox 977 3272 1130 3358; x_wconf 86' lang='lat' dir='ltr'><strong>politicas</strong></span> <span class='ocrx_word' id='word_1_213' title='bbox 1153 3297 1277 3352; x_wconf 84' lang='lat' dir='ltr'><strong>rernm.</strong></span> <span class='ocrx_word' id='word_1_214' title='bbox 1327 3274 1366 3340; x_wconf 94' lang='lat' dir='ltr'><strong>Id</strong></span> <span class='ocrx_word' id='word_1_215' title='bbox 1379 3297 1407 3338; x_wconf 91' lang='lat' dir='ltr'><strong>v.</strong></span> <span class='ocrx_word' id='word_1_216' title='bbox 1420 3293 1444 3355; x_wconf 87' lang='lat' dir='ltr'><strong>g.</strong></span> 
     </span>
     <span class='ocr_line' id='line_1_30' title="bbox 333 3369 1443 3452; baseline -0.005 -16"><span class='ocrx_word' id='word_1_217' title='bbox 333 3371 457 3436; x_wconf 89' lang='lat' dir='ltr'><strong>accidit</strong></span> <span class='ocrx_word' id='word_1_218' title='bbox 491 3372 526 3434; x_wconf 91' lang='lat' dir='ltr'><strong>in</strong></span> <span class='ocrx_word' id='word_1_219' title='bbox 561 3369 782 3433; x_wconf 89' lang='lat' dir='ltr'><strong>conventibus</strong></span> <span class='ocrx_word' id='word_1_220' title='bbox 813 3369 948 3452; x_wconf 85' lang='lat' dir='ltr'><strong>Italiae,</strong></span> <span class='ocrx_word' id='word_1_221' title='bbox 989 3371 1047 3434; x_wconf 90' lang='lat' dir='ltr'><strong>ubi</strong></span> <span class='ocrx_word' id='word_1_222' title='bbox 1083 3375 1257 3436; x_wconf 89' lang='lat' dir='ltr'><strong>societates</strong></span> <span class='ocrx_word' id='word_1_223' title='bbox 1292 3396 1367 3437; x_wconf 88' lang='lat' dir='ltr'><strong>suae</strong></span> <span class='ocrx_word' id='word_1_224' title='bbox 1395 3369 1443 3433; x_wconf 88' lang='lat' dir='ltr'><strong>sub</strong></span> 
     </span>
     <span class='ocr_line' id='line_1_31' title="bbox 333 3465 1443 3534; baseline -0.005 0"><span class='ocrx_word' id='word_1_225' title='bbox 333 3471 468 3534; x_wconf 91' lang='lat' dir='ltr'><strong>nomine</strong></span> <span class='ocrx_word' id='word_1_226' title='bbox 495 3465 713 3532; x_wconf 77' lang='lat' dir='ltr'><strong>Carbonariac</strong></span> <span class='ocrx_word' id='word_1_227' title='bbox 737 3468 908 3532; x_wconf 89' lang='lat' dir='ltr'><strong>Massones</strong></span> <span class='ocrx_word' id='word_1_228' title='bbox 941 3470 1183 3533; x_wconf 89' lang='lat' dir='ltr'><strong>constituerunt</strong></span> <span class='ocrx_word' id='word_1_229' title='bbox 1213 3492 1332 3534; x_wconf 89' lang='lat' dir='ltr'><strong>versus</strong></span> <span class='ocrx_word' id='word_1_230' title='bbox 1360 3469 1443 3533; x_wconf 89' lang='lat' dir='ltr'><strong>finem</strong></span> 
     </span>
     <span class='ocr_line' id='line_1_32' title="bbox 334 3563 1443 3651; baseline -0.005 -19"><span class='ocrx_word' id='word_1_231' title='bbox 334 3567 456 3632; x_wconf 85' lang='lat' dir='ltr'><strong>sacculi</strong></span> <span class='ocrx_word' id='word_1_232' title='bbox 494 3565 681 3651; x_wconf 88' lang='lat' dir='ltr'><strong>praeteriti,</strong></span> <span class='ocrx_word' id='word_1_233' title='bbox 719 3575 751 3629; x_wconf 90' lang='lat' dir='ltr'><strong>et</strong></span> <span class='ocrx_word' id='word_1_234' title='bbox 783 3565 1022 3650; x_wconf 85' lang='lat' dir='ltr'><strong>agitationibus</strong></span> <span class='ocrx_word' id='word_1_235' title='bbox 1047 3569 1124 3649; x_wconf 29' lang='lat' dir='ltr'><strong>,suis</strong></span> <span class='ocrx_word' id='word_1_236' title='bbox 1158 3570 1328 3633; x_wconf 88' lang='lat' dir='ltr'><strong>continuis</strong></span> <span class='ocrx_word' id='word_1_237' title='bbox 1358 3563 1443 3631; x_wconf 85' lang='lat' dir='ltr'><strong>nostri</strong></span> 
     </span>
     <span class='ocr_line' id='line_1_33' title="bbox 333 3663 1443 3750; baseline -0.004 -22"><span class='ocrx_word' id='word_1_238' title='bbox 333 3667 490 3750; x_wconf 91' lang='lat' dir='ltr'><strong>temporis</strong></span> <span class='ocrx_word' id='word_1_239' title='bbox 521 3674 661 3727; x_wconf 87' lang='lat' dir='ltr'><strong>eventus</strong></span> <span class='ocrx_word' id='word_1_240' title='bbox 684 3663 859 3748; x_wconf 84' lang='lat' dir='ltr'><strong>lugendos</strong></span> <span class='ocrx_word' id='word_1_241' title='bbox 880 3676 1128 3750; x_wconf 88' lang='lat' dir='ltr'><strong>praepararunt.</strong></span> <span class='ocrx_word' id='word_1_242' title='bbox 1176 3666 1370 3731; x_wconf 90' lang='lat' dir='ltr'><strong>Universim</strong></span> <span class='ocrx_word' id='word_1_243' title='bbox 1391 3681 1443 3726; x_wconf 92' lang='lat' dir='ltr'><strong>om-</strong></span> 
     </span>
     <span class='ocr_line' id='line_1_34' title="bbox 334 3762 1442 3828; baseline -0.005 -1"><span class='ocrx_word' id='word_1_244' title='bbox 334 3786 391 3827; x_wconf 90' lang='lat' dir='ltr'><strong>nes</strong></span> <span class='ocrx_word' id='word_1_245' title='bbox 415 3764 588 3826; x_wconf 90' lang='lat' dir='ltr'><strong>societates</strong></span> <span class='ocrx_word' id='word_1_246' title='bbox 616 3771 761 3825; x_wconf 85' lang='lat' dir='ltr'><strong>secretae</strong></span> <span class='ocrx_word' id='word_1_247' title='bbox 789 3762 1128 3826; x_wconf 85' lang='lat' dir='ltr'><strong>Francomuratorum</strong></span> <span class='ocrx_word' id='word_1_248' title='bbox 1160 3773 1238 3828; x_wconf 91' lang='lat' dir='ltr'><strong>sunt</strong></span> <span class='ocrx_word' id='word_1_249' title='bbox 1262 3763 1386 3828; x_wconf 86' lang='lat' dir='ltr'><strong>soboles</strong></span> <span class='ocrx_word' id='word_1_250' title='bbox 1411 3779 1442 3822; x_wconf 85' lang='lat' dir='ltr'><strong>ac</strong></span> 
     </span>
    </p>
   </div>
   <div class='ocr_carea' id='block_1_3' title="bbox 334 3851 1441 4218">
    <p class='ocr_par' dir='ltr' id='par_1_4' title="bbox 334 3851 1441 4218">
     <span class='ocr_line' id='line_1_35' title="bbox 334 3851 1441 3947; baseline -0.005 -23"><span class='ocrx_word' id='word_1_251' title='bbox 334 3851 459 3946; x_wconf 88' lang='lat' dir='ltr'><strong>species</strong></span> <span class='ocrx_word' id='word_1_252' title='bbox 484 3859 710 3946; x_wconf 87' lang='lat' dir='ltr'><strong>particulares,</strong></span> <span class='ocrx_word' id='word_1_253' title='bbox 735 3859 912 3944; x_wconf 90' lang='lat' dir='ltr'><strong>pleraeque</strong></span> <span class='ocrx_word' id='word_1_254' title='bbox 930 3859 1013 3924; x_wconf 80' lang='lat' dir='ltr'><strong>fines</strong></span> <span class='ocrx_word' id='word_1_255' title='bbox 1030 3861 1190 3945; x_wconf 90' lang='lat' dir='ltr'><strong>pessimos</strong></span> <span class='ocrx_word' id='word_1_256' title='bbox 1206 3868 1441 3947; x_wconf 82' lang='lat' dir='ltr'><strong>persequuntur,</strong></span> 
     </span>
     <span class='ocr_line' id='line_1_36' title="bbox 334 3956 1441 4043; baseline -0.007 -21"><span class='ocrx_word' id='word_1_257' title='bbox 334 3968 367 4022; x_wconf 91' lang='lat' dir='ltr'><strong>et</strong></span> <span class='ocrx_word' id='word_1_258' title='bbox 390 3967 530 4022; x_wconf 88' lang='lat' dir='ltr'><strong>cunctae</strong></span> <span class='ocrx_word' id='word_1_259' title='bbox 553 3956 670 4021; x_wconf 89' lang='lat' dir='ltr'><strong>saltem</strong></span> <span class='ocrx_word' id='word_1_260' title='bbox 694 3979 737 4020; x_wconf 87' lang='lat' dir='ltr'><strong>ex</strong></span> <span class='ocrx_word' id='word_1_261' title='bbox 760 3956 871 4021; x_wconf 90' lang='lat' dir='ltr'><strong>indole</strong></span> <span class='ocrx_word' id='word_1_262' title='bbox 900 3967 933 4021; x_wconf 90' lang='lat' dir='ltr'><strong>et</strong></span> <span class='ocrx_word' id='word_1_263' title='bbox 955 3959 1130 4043; x_wconf 86' lang='lat' dir='ltr'><strong>principiis</strong></span> <span class='ocrx_word' id='word_1_264' title='bbox 1154 3956 1441 4024; x_wconf 85' lang='lat' dir='ltr'><strong>fundamentalibus</strong></span> 
     </span>
     <span class='ocr_line' id='line_1_37' title="bbox 334 4049 1440 4138; baseline -0.008 -18"><span class='ocrx_word' id='word_1_265' title='bbox 334 4058 418 4138; x_wconf 90' lang='lat' dir='ltr'><strong>suis,</strong></span> <span class='ocrx_word' id='word_1_266' title='bbox 450 4054 685 4137; x_wconf 89' lang='lat' dir='ltr'><strong>naturalismo,</strong></span> <span class='ocrx_word' id='word_1_267' title='bbox 717 4055 1008 4138; x_wconf 86' lang='lat' dir='ltr'><strong>indifferentismo,</strong></span> <span class='ocrx_word' id='word_1_268' title='bbox 1042 4054 1271 4121; x_wconf 89' lang='lat' dir='ltr'><strong>Catholicismi</strong></span> <span class='ocrx_word' id='word_1_269' title='bbox 1297 4049 1440 4120; x_wconf 88' lang='lat' dir='ltr'><strong>eversioni</strong></span> 
     </span>
     <span class='ocr_line' id='line_1_38' title="bbox 336 4152 544 4218; baseline -0.005 0"><span class='ocrx_word' id='word_1_270' title='bbox 336 4152 544 4218; x_wconf 89' lang='lat' dir='ltr'><strong>adlaborant.</strong></span> 
     </span>
    </p>
   </div>
   <div class='ocr_carea' id='block_1_4' title="bbox 0 0 1516 4908">
    <p class='ocr_par' dir='ltr' id='par_1_5' title="bbox 0 0 1516 4908">
     <span class='ocr_line' id='line_1_39' title="bbox 0 0 1516 4908; baseline 0 0"><span class='ocrx_word' id='word_1_271' title='bbox 0 0 1516 4908; x_wconf 95' lang='lat' dir='ltr'><strong> </strong></span> 
     </span>
    </p>
   </div>
  </div>
 </body>
</html>
