3288 4900
470 474 583 528 Consilii
601 474 727 542 periodus
747 474 840 541 prima.
1208 475 1241 528 91

211 621 261 685 38.
309 619 422 700 Quum
446 619 561 684 Patres
584 617 774 681 Tridentini
805 617 905 681 rebus
938 618 1015 682 fidei
1049 628 1081 682 et
1114 640 1242 682 morum

138 718 337 782 discutiendis
360 719 480 781 intenti
504 726 622 796 essent,
653 715 777 780 Paulus
800 715 853 779 ΙΙΙ
884 718 984 780 etiam
1009 716 1122 780 sedulo
1146 717 1243 780 refor-

137 819 274 880 mationis
298 816 430 900 negotio
446 813 672 895 incumbebat,
698 823 797 900 atque
813 815 885 896 jam
900 812 1031 878 Bullam
1056 814 1098 878 de
1114 835 1243 878 morum

136 917 357 978 restauratione
381 914 531 976 emittere
555 921 690 997 paratus
714 922 793 975 erat.
842 910 1016 976 Consuluit
1046 922 1156 977 autem
1182 915 1244 977 ista

135 1008 168 1070 de
198 1032 229 1072 re
264 1011 392 1095 legatos
416 1010 638 1091 Tridentinus,
673 1012 729 1095 qui
761 1009 865 1074 libere
893 1011 1143 1095 responderunt,
1177 1033 1244 1076 non

135 1118 341 1191 opportunum
368 1111 448 1194 ipsis
464 1109 572 1173 videri
589 1107 888 1194 promulgationem
908 1107 1099 1192 hujusmodi
1117 1109 1242 1187 Bullae,

134 1206 304 1270 inconsulto
337 1206 502 1288 Concilio,
538 1227 575 1269 eo
615 1205 704 1292 quod
748 1207 916 1289 ingratum
955 1205 990 1270 id
1021 1205 1169 1269 futurum
1203 1209 1245 1270 sit

135 1307 330 1387 congregatis
362 1306 537 1389 episcopis,
570 1312 670 1390 atque
700 1305 863 1388 oppositio
896 1302 1060 1388 quaedam
1086 1303 1243 1368 timenda.

133 1399 209 1464 Hinc
233 1405 338 1466 satius
362 1424 444 1483 esse,
468 1402 554 1465 facto
571 1400 736 1487 quaedam
760 1400 939 1464 reformare
964 1399 1073 1485 quoad
1096 1402 1245 1465 nomina-

132 1499 241 1563 tionem
267 1503 508 1586 episcoporum,
534 1509 565 1564 ct
589 1500 872 1562 Poenitentiariae
896 1521 935 1562 ao
959 1499 1118 1562 Datariae
1142 1499 1245 1563 admi-

131 1597 367 1674 nistrationem;
412 1597 677 1662 incumbendum
715 1617 847 1681 quoque
884 1617 954 1659 esse
993 1598 1244 1661 seminariorum

131 1697 288 1761 erectioni.
329 1697 397 1759 Ista
422 1695 561 1758 consilia
592 1694 749 1758 liberiora
774 1693 933 1757 Pontifex
964 1693 1092 1757 lubenti
1116 1696 1246 1780 accepit

130 1793 240 1876 animo,
267 1803 366 1878 atque
381 1795 542 1880 promisit,
567 1794 722 1878 quamvis
732 1791 853 1856 Curiae
868 1791 1058 1857 reformatio
1075 1793 1118 1856 ad
1136 1794 1245 1877 ipsum

130 1899 293 1971 spectaret,
318 1900 478 1955 satamon
496 1891 600 1955 inscio
615 1888 763 1953 Concilio
781 1888 864 1952 nibil
882 1891 1139 1953 constituturum
1156 1912 1244 1966 esse;

130 1985 270 2052 hortatus
309 1999 421 2053 autem
461 1999 510 2053 est
547 1988 681 2073 legatos,
723 2010 765 2050 ue
789 1985 945 2071 Synodus
983 2010 1025 2050 ex
1055 2010 1114 2053 sua
1153 1997 1246 2073 parte

130 2084 315 2168 dogmatum
340 2089 567 2173 quaestionem
608 2083 821 2171 posthaberet
857 2083 1084 2150 reformationi
1117 2107 1246 2149 morum

130 2182 360 2250 discutiendae.
1055 2177 1058 2184 ¹

208 2293 264 2358 39.
298 2290 486 2356 Concilium
511 2291 612 2373 igitur
630 2290 732 2374 jactis
748 2288 976 2353 fundamentis
1000 2311 1060 2375 per
1074 2289 1244 2353 decretum
1306 2301 1372 2402 annia

130 2393 163 2456 dc
185 2392 287 2456 sacris
312 2388 502 2474 Scripturis,
529 2388 601 2472 jam
626 2410 659 2451 se
684 2388 831 2451 accinxit
861 2397 898 2449 ut
929 2409 971 2451 ex
996 2387 1111 2451 ordine
1135 2387 1245 2451 Prote·

130 2493 279 2554 stantium
304 2509 429 2550 errores
442 2484 671 2572 proscriberet,
697 2485 934 2570 Ecclesiaeque
958 2486 1105 2548 firmaret
1129 2485 1247 2548 doctri·

129 2611 206 2652 nam.
258 2587 369 2668 Quum
394 2606 549 2674 perversa
574 2584 615 2647 de
639 2593 775 2669 peccato
800 2582 953 2665 originali
979 2582 1143 2647 sententia
1166 2583 1247 2647 mul·

131 2697 225 2750 torum
253 2695 339 2748 esset
361 2683 459 2748 radix
483 2703 641 2759 errorum,
677 2683 815 2745 sessione
839 2683 961 2765 quista,
996 2680 1162 2744 celebrata
1194 2681 1247 2745 die

134 2786 310 2866 susurrii,
344 2783 515 2846 decretum
539 2781 645 2845 edidit
668 2782 707 2844 dc
725 2791 857 2867 peccato
882 2780 1054 2866 oripisaZi;
1084 2779 1248 2865 simulque

133 2882 365 2948 reformationis
382 2881 551 2943 decretum
576 2881 611 2943 in
626 2900 690 2964 quo
715 2881 826 2962 agitur
849 2878 887 2941 de
904 2879 1102 2942 instituendo
1118 2879 1248 2942 lectione

134 3002 230 3045 sacros
247 2980 434 3065 Scripturas
458 2987 488 3041 et
511 2975 691 3041 liberalium
715 2978 841 3054 ortium,
866 2998 905 3039 ac
929 2977 967 3038 dc
990 2974 1078 3038 verbi
1092 2977 1156 3038 Dei
1178 2998 1248 3038 con-

131 3077 337 3142 cionatoribus
361 3087 391 3139 ct
414 3075 632 3162 quaestoribus
656 3072 921 3156 eleemosynariis.

209 3176 262 3240 40.
295 3165 440 3239 ¹Juvabit
464 3173 527 3240 hoc
542 3173 614 3237 loco
628 3173 776 3236 breviter
798 3171 931 3253 referre,
957 3193 1041 3256 quae
1054 3169 1248 3234 acciderunt

129 3273 231 3355 quoad
256 3273 484 3358 quaestionem
515 3271 555 3336 dc
580 3269 795 3334 immaculata
819 3270 1046 3354 Conceptione
1069 3269 1107 3332 B.
1133 3269 1177 3334 M.
1204 3270 1247 3336 V.

128 3368 321 3434 Stimulante
352 3371 515 3454 imprimis
551 3371 692 3450 Paoeco,
724 3378 761 3431 ut
792 3369 939 3453 quaestio
971 3367 1013 3431 de
1041 3367 1249 3431 sanctissima

129 3467 189 3530 Dei
206 3476 342 3552 parente
357 3467 561 3545 definiretur,
586 3465 750 3530 creditum
767 3475 826 3547 est,
852 3466 893 3529 de
908 3465 1072 3528 industria
1087 3463 1249 3528 nodosum
1354 3509 1358 3515 «

130 3565 207 3629 illud
231 3574 465 3650 argumentum
490 3564 531 3628 ab
558 3587 594 3628 eo
619 3567 837 3650 propositum,
870 3573 908 3625 ut
938 3585 997 3648 per
1027 3563 1249 3647 propinquam

130 3666 304 3728 sessionem
330 3664 466 3727 enodari
491 3685 557 3727 non
582 3661 732 3748 possit;¹)
757 3661 814 3724 scd
836 3668 950 3745 postea
967 3668 1172 3743 compertum
1191 3668 1248 3742 est,

130 3760 161 3822 id
203 3785 242 3824 ex
283 3764 413 3826 sincera
451 3763 485 3824 in
518 3761 692 3845 Virginem
732 3760 855 3844 pietate
906 3757 947 3820 ab
982 3778 1019 3820 eo
1053 3757 1248 3841 profectum.

131 3856 326 3923 Vehementi
352 3858 482 3944 eloquio
507 3859 607 3922 etiam
632 3857 783 3921 Didacus
806 3857 943 3940 Laynes
968 3853 1000 3921 S.
1023 3856 1055 3920 J.
1081 3857 1250 3939 peroravit

201 4087 220 4156 ¹)
242 4090 359 4144 Paoecus
383 4088 510 4143 videlicet
529 4087 607 4144 card.
633 4093 662 4142 et
687 4087 775 4154 Episc.
803 4084 964 4139 Gicnnensis
984 4083 1075 4154 (Jaen)
1104 4085 1250 4151 Hispanus,

133 4166 250 4223 Caesaris
278 4170 351 4224 votis
379 4167 620 4233 obsecundabatur,
651 4173 684 4220 ut
715 4167 748 4220 de
779 4163 972 4220 reformatione
1006 4163 1195 4230 potiusquam
1218 4164 1251 4217 de

132 4246 298 4313 dogmatibus
317 4254 455 4317 ageretur.
