3288 4900
457 413 510 468 120
778 412 932 467 XXXVIII.
953 413 993 467 Da
1010 412 1131 468 Concilio
1148 413 1316 468 Tridentino.

458 565 490 620 et
513 557 599 620 inter
623 559 764 619 minores
787 555 957 639 theologos
981 578 1118 620 numero
1142 558 1363 643 quadraginta
1388 559 1484 639 duos,
1511 581 1582 622 con·

456 654 651 718 tinebantur
688 655 957 741 vigintiquinque
992 654 1135 740 Hispani
1178 666 1210 719 et
1241 656 1418 720 duodecim
1448 656 1582 740 Belgae.

458 754 532 817 Hoc
563 764 659 838 pacto
690 775 710 814 a
734 751 889 817 Sleidano
922 763 1166 816 enumerantur.
1214 754 1256 817 Et
1288 776 1508 839 quamquam,
1543 758 1585 817 ait

458 850 694 930 pallavicinus,
710 872 867 913 numerus
884 849 990 934 major
1005 860 1100 931 esset,
1114 873 1212 936 quam
1230 851 1406 916 Sleidanus
1423 863 1581 933 recenset,

459 959 528 1012 tum
544 939 775 1034 episcoporum
791 950 847 1033 qui
864 949 971 1033 reipsa
987 948 1127 1012 aderant
1142 952 1351 1035 septuaginta
1366 960 1441 1014 octo
1455 961 1581 1035 praeter

459 1047 597 1111 abbates
626 1067 839 1131 summosque
869 1046 1069 1130 regularium
1100 1046 1265 1112 Ordinum
1296 1047 1480 1132 praesides,
1521 1059 1583 1110 turn

459 1147 558 1209 etiam
584 1147 749 1209 minorum
773 1143 1010 1228 theologorum,
1044 1147 1100 1230 qui
1125 1148 1379 1229 sexagenarium
1404 1145 1585 1231 explebant
1641 1193 1642 1202 ,

460 1264 645 1320 numerum,
675 1245 844 1306 tamenin
870 1244 1018 1327 utrisque
1043 1245 1065 1305 ii
1090 1244 1146 1328 qui
1172 1240 1305 1307 Caesari
1329 1243 1458 1308 addicti
1486 1256 1584 1323 erant,

461 1341 575 1406 eadem
594 1363 652 1403 seu
670 1363 786 1425 parum
805 1341 937 1405 diversa
954 1342 1165 1426 proportione
1180 1340 1324 1427 reliquos
1340 1343 1558 1427 superabant.
1566 1342 1584 1425 ¹)

461 1440 566 1504 Vides
589 1441 698 1522 igitur,
732 1431 856 1503 nullam
881 1441 1103 1524 suspicionem
1128 1442 1253 1503 moveri
1285 1463 1390 1526 posse,
1424 1444 1519 1528 quod
1551 1464 1586 1504 ex

462 1547 556 1624 parte
580 1536 752 1600 Pontificis
777 1536 925 1601 Concilio
951 1538 1153 1601 conveniens
1176 1536 1311 1602 libertas
1336 1563 1402 1605 non
1428 1542 1542 1604 fuerit.

557 1635 608 1700 76.
648 1636 694 1699 At
718 1658 795 1700 mox
819 1648 952 1721 propter
975 1638 1162 1720 inopinatos
1185 1638 1346 1701 tumultus
1369 1636 1512 1702 bellicos
1536 1637 1588 1721 Sy·

359 1754 421 1792 noi·
466 1737 544 1801 nodi
569 1737 741 1819 suspensio
766 1743 803 1796 ut
826 1734 1067 1815 decerneretur,
1101 1737 1322 1798 necessarium
1348 1735 1421 1800 fuit.
1472 1738 1588 1800 Mauri·

465 1838 529 1899 tius
553 1834 710 1899 videlicet
725 1831 915 1917 Septemvir
930 1830 1126 1913 Saronicus,
1152 1834 1204 1895 cui
1231 1835 1375 1896 maxime
1401 1833 1545 1898 Carolus
1560 1834 1588 1892 V

464 1933 597 2012 fidebat,
624 1943 655 1996 et
679 1933 821 2017 iujuriae
845 1930 909 1994 sibi
934 1930 1058 1994 ducens
1080 1953 1251 2015 nunquam
1267 1933 1481 2015 impetratam
1499 1932 1587 1995 liber·

464 2042 564 2095 tatem
582 2030 729 2115 Philippi
746 2029 954 2114 Landgravii
979 2030 1083 2093 soceri
1101 2031 1162 2110 sui,
1187 2031 1244 2114 qui
1262 2028 1380 2093 Carolo
1405 2053 1441 2093 se
1458 2029 1588 2093 dederet

463 2140 600 2213 accepta
624 2128 689 2192 fide
714 2127 756 2191 de
780 2149 912 2190 carcere
936 2149 1003 2191 non
1027 2136 1186 2211 perpetue
1211 2128 1331 2207 futuro,
1368 2138 1401 2190 et
1437 2128 1587 2192 dedecori

464 2228 528 2292 sibi
553 2237 686 2291 vertens
711 2223 845 2289 Caesari
877 2247 1033 2305 scomma,
1067 2246 1131 2310 quo
1155 2224 1430 2310 respondebatur,
1469 2225 1587 2289 nullam

466 2327 717 2391 diuturnitatem
758 2346 829 2387 esse
861 2332 1074 2409 perpetuam:
1113 2323 1374 2406 conjurationem
1410 2325 1490 2387 iniit
1519 2344 1586 2386 cum

466 2424 616 2510 pluribus
655 2423 729 2487 aliis
764 2422 967 2486 Germaniae
997 2420 1205 2505 principibus
1243 2419 1420 2483 haereticis
1454 2441 1587 2506 cumque

467 2522 597 2587 Galliae
620 2543 697 2605 rege
721 2521 879 2600 Henrice,
911 2529 944 2582 et
967 2541 1059 2583 arma
1083 2520 1117 2583 in
1136 2515 1319 2581 'Caesarem
1344 2521 1463 2583 movit.
1512 2518 1586 2583 Cum

468 2621 564 2685 facile
594 2619 797 2704 praesidium
832 2628 1044 2682 externorum
1069 2619 1232 2696 vincatur,
1268 2615 1326 2680 ubi
1358 2618 1465 2680 animi
1497 2617 1587 2701 possi-

469 2721 588 2783 dentur
612 2719 747 2797 civium,
779 2717 845 2779 levi
870 2718 1002 2800 negotio
1027 2715 1213 2799 Augustam
1246 2717 1471 2798 propensione
1495 2714 1587 2777 luthe-

468 2840 583 2882 ranam
607 2816 784 2880 Mauritius
807 2816 995 2899 occupavit.
1042 2814 1130 2877 Dein
1155 2813 1399 2876 foederatorum
1431 2813 1586 2875 exercitus

471 2914 658 2999 Oeniponto
683 2915 828 2976 minatus
853 2923 911 2995 est,
945 2912 1001 2976 ubi
1027 2910 1150 2975 Caesar
1174 2910 1326 2994 degebat,
1351 2909 1505 2995 adeoque
1528 2909 1585 2971 Tri-

473 3014 608 3077 dentum
640 3033 771 3097 quoque
811 3011 927 3074 urbem
965 3012 1112 3074 vicinam
1155 3009 1333 3087 deterruit3
1375 3006 1467 3070 unde
1503 3004 1582 3068 multi

472 3112 617 3196 episcopi
635 3109 711 3173 Itali
736 3118 768 3172 et
783 3109 926 3194 Hispani
951 3108 1064 3191 fugam
1089 3109 1269 3191 arripuere.
1298 3105 1411 3169 Rebus
1437 3104 1581 3168 nuntiatis

473 3220 505 3273 et
519 3219 656 3293 urgente
673 3207 857 3290 Madruci0,
882 3206 993 3272 Julius
1006 3205 1057 3269 III
1076 3207 1147 3291 jam
1166 3204 1219 3268 die
1239 3205 1297 3268 150
1313 3202 1442 3287 Aprilis
1467 3221 1577 3286 suspen·

473 3310 599 3371 sionem
625 3304 766 3370 Concilii
792 3306 950 3371 decrevit.
998 3304 1097 3368 Initio
1122 3303 1256 3388 quidem
1282 3302 1397 3365 Patres
1421 3299 1581 3363 haeserunt

473 3407 651 3491 ancipites;
692 3405 750 3468 sed
786 3416 956 3468 crescente
994 3401 1152 3487 periculo,
1186 3401 1239 3464 die
1269 3401 1328 3463 28⁰
1353 3398 1481 3483 Aprilis
1503 3395 1582 3459 sarah

475 3505 687 3568 deoa'ooaseaetu
711 3501 838 3586 Synodi
864 3502 978 3566 habita
1002 3511 1034 3565 et
1057 3501 1230 3584 suspensio
1263 3498 1334 3582 ejus
1358 3507 1401 3560 ad
1427 3496 1582 3559 biennium

475 3601 683 3688 promulgata
706 3601 796 3682 estl)
844 3599 1125 3664 Contestationem
1158 3595 1294 3682 quidem
1318 3604 1400 3657 tunc
1425 3593 1584 3657 ediderunt

476 3700 651 3763 duodecim
683 3700 829 3784 episcopi
854 3699 1014 3783 Hispani3
1049 3695 1107 3759 sed
1132 3716 1210 3758 mox
1241 3702 1364 3756 eventu
1396 3699 1582 3776 compertum

475 3807 534 3878 est,
566 3799 814 3882 suspensionem
845 3796 943 3881 plane
976 3795 1196 3859 necessariam
1220 3793 1331 3856 fuisse.
1379 3789 1510 3853 Etenim
1540 3780 1581 3843 vel

477 3897 547 3980 ipse
558 3893 735 3959 CarolusV
749 3897 806 3980 qui
820 3894 945 3958 adeam
955 3915 1059 3978 usque
1073 3893 1161 3955 diem
1171 3890 1322 3954 hostibus
1335 3897 1453 3972 pectus
1473 3901 1587 3965 semper.

554 4133 572 4194 ¹)
594 4129 720 4186 Pallavic.
740 4128 769 4181 L.
789 4130 867 4185 XIII.
887 4128 915 4182 C.
935 4128 970 4180 II.
990 4143 1015 4179 n.
1036 4129 1060 4181 5.

552 4211 574 4283 Β)
594 4209 651 4266 cfr,
670 4209 795 4272 Theiner,
815 4212 885 4262 Acta
905 4209 984 4261 Oeno.
1005 4207 1078 4260 Trid.
1100 4207 1120 4258 I.
1141 4205 1194 4256 654
1213 4217 1268 4266 sqq.
