3020 4908
340 487 394 542 386
531 486 617 541 XLIl.
655 486 695 540 De
714 490 790 540 statu
808 485 945 540 Ecclesiae
963 503 1032 544 saec.
1052 487 1153 543 decimo
1172 498 1276 543 octavo.

171 630 275 672 ⁰¹⁰¹¹¹⁰¹¹⁸
292 634 329 673 ³1·
340 631 419 695 ritas
443 629 476 696 S.
502 629 597 695 Sedis
628 639 660 692 et
682 632 870 694 reverentia
893 631 1082 716 principum
1107 633 1142 695 in
1166 654 1239 696 eam
1265 633 1445 698 detrimenta

339 738 515 814 pateretur.
562 727 687 791 Multae
718 728 782 812 ipsi
807 727 1013 813 difficultates
1036 751 1076 791 ecc
1092 741 1190 815 parte
1217 732 1395 817 principum
1413 731 1444 794 ot

339 829 536 913 quaestiones
554 823 708 912 politicus
732 825 949 890 obvenerunt.
989 824 1135 891 Gravate
1154 827 1230 892 tulit
1248 831 1361 892 merito
1375 829 1442 892 Pon-

338 925 421 988 tifex
445 947 474 992 a.
502 923 588 988 1700
611 923 837 1008 Fridcricum,
869 923 1044 988 electorem
1068 925 1390 1011 Brandeburgicum,
1410 949 1443 989 ex

337 1022 551 1108 Imperatoris
574 1021 736 1106 Leopoldi
759 1023 776 1084 I
808 1030 839 1086 et
862 1023 1052 1107 principum
1085 1045 1247 1088 consensu
1270 1024 1442 1088 Borussiam

338 1121 373 1184 in
396 1142 533 1205 regnum
559 1122 704 1184 erexisse
728 1120 857 1205 sibique
882 1122 1027 1203 insignia
1052 1130 1085 1186 et
1107 1121 1241 1185 titulum
1265 1125 1353 1206 regis
1374 1145 1445 1186 sun-

336 1220 426 1283 sisse.
473 1219 613 1282 Factum
644 1217 708 1280 hoc
740 1227 898 1303 tanquam
923 1219 1120 1304 injuriosum
1145 1219 1357 1306 Apostolicae
1380 1219 1444 1283 Sodi

337 1325 369 1380 et
393 1316 511 1382 Ordini
536 1317 736 1397 Teutonico,
761 1315 804 1379 ad
829 1339 927 1402 quem
952 1318 1089 1402 antiqno
1109 1318 1186 1402 jure
1209 1318 1366 1382 Borussia
1387 1341 1445 1403 pcr-

335 1414 479 1496 tinebat,
511 1415 546 1477 in
571 1413 800 1478 Cardinalium
825 1416 1018 1479 consistorio
1048 1423 1081 1478 et
1105 1416 1140 1478 in
1163 1415 1281 1479 litteris
1310 1417 1353 1480 ad
1377 1416 1445 1480 chri·

336 1515 461 1576 stianos
484 1514 652 1597 principes
676 1511 888 1598 improbavit.
937 1511 1001 1577 Sed
1026 1513 1156 1577 frustra.
1181 1551 1225 1560 —
1250 1514 1360 1598 Aegre
1382 1513 1446 1577 tulit

334 1614 474 1698 pariter,
500 1612 696 1695 dignitatem
720 1610 869 1674 electoris
888 1612 1024 1696 Imperii
1049 1633 1240 1676 concessam
1264 1612 1345 1676 duci
1369 1612 1446 1674 Han-

334 1732 512 1789 noverano,
536 1710 744 1790 Protestanti,
769 1717 801 1772 et
814 1709 950 1794 Imperii
966 1707 1153 1772 consultum
1176 1731 1215 1772 ea
1233 1709 1274 1773 de
1292 1733 1328 1774 re
1345 1710 1445 1773 datum

334 1830 395 1872 ceu
426 1807 579 1891 religioni
609 1805 791 1870 catholicae
823 1816 855 1870 et
879 1806 1091 1892 Apostolicae
1115 1806 1211 1872 Sedis
1238 1808 1374 1893 juribus
1401 1807 1447 1871 ad·

244 1985 248 1994 Ι
333 1928 467 1970 versum
491 1903 695 1990 improbavit

424 2004 476 2069 13.
523 2002 588 2067 Sed
612 2024 741 2066 summa
765 2002 977 2066 incommoda
999 2003 1158 2067 Pontifici
1183 2001 1393 2067 obvenerunt
1413 2025 1446 2066 er

334 2102 479 2166 dissidiis
510 2104 594 2165 inter
628 2100 764 2164 domum
788 2101 1000 2164 Austriacam
1033 2112 1064 2164 et
1096 2101 1339 2184 Borbonicam,
1375 2121 1445 2187 quae

333 2210 404 2264 crta
434 2209 511 2264 sunt
540 2199 674 2285 quando
705 2207 779 2283 post
811 2208 950 2262 mortem
976 2197 1085 2263 Caroli
1109 2200 1144 2262 II
1175 2198 1216 2262 de
1247 2202 1445 2264 successione
1488 2241 1489 2260 i

332 2300 367 2362 in
390 2320 492 2382 regno
517 2298 700 2382 Hispaniae
723 2295 813 2359 lucta
837 2298 971 2377 exarsit,
996 2320 1062 2383 qua
1086 2306 1154 2360 tota
1173 2298 1312 2381 Europa
1336 2299 1445 2380 agitata

331 2395 405 2459 fuit.
452 2393 605 2458 Clemens
621 2392 674 2457 X]
703 2396 794 2457 visus
818 2403 866 2458 est
890 2394 1043 2459 favorem
1067 2404 1235 2481 praestare
1251 2391 1443 2479 PhilippcV

331 2493 497 2557 Ludovici
522 2493 611 2556 XIV
635 2493 764 2577 nepoti,
798 2493 854 2577 qui
881 2493 937 2578 jus
962 2491 1025 2556 eibi
1051 2492 1246 2556 vindicabat
1271 2491 1316 2555 ad
1340 2492 1444 2576 Hispa·

331 2595 407 2654 niae
430 2612 586 2674 regnum,
618 2612 760 2676 eumque
784 2600 821 2654 ut
842 2612 954 2673 regem
984 2593 1130 2675 agnovit.
1176 2590 1215 2653 Id
1241 2612 1322 2654 vero
1347 2612 1443 2674 aeger·
1487 2603 1488 2622 ³

330 2691 413 2753 rime
437 2689 582 2753 tulerunt
606 2689 827 2773 Imperatores
851 2688 1040 2774 Leopoldus
1064 2691 1097 2770 I,
1132 2689 1187 2774 qui
1214 2688 1295 2772 ju‘ra
1320 2688 1380 2751 filii
1402 2687 1440 2750 sui

330 2786 440 2851 Caroli
455 2787 508 2851 III
531 2786 574 2849 ad
599 2807 754 2850 coronam
771 2785 956 2869 Hispaniae
980 2785 1144 2868 tuebatur,
1169 2795 1202 2849 et
1225 2794 1440 2869 postmortem

329 2885 491 2970 Leopoldi
523 2883 689 2969 Josephus
721 2882 738 2946 Ι
772 2881 881 2946 Caroli
914 2883 1024 2949 frater.
1083 2882 1207 2968 Copiae
1238 2883 1442 2970 Imperatoris

329 2983 501 3069 Neapolim
525 2982 698 3048 tendentes
722 2980 775 3044 vel
807 2981 884 3044 inde
908 2981 1084 3045 redeuntes
1107 2983 1142 3044 in
1166 2984 1361 3066 provincias
1383 2981 1440 3045 diti·

329 3083 401 3146 onis
425 3080 619 3144 Pontificiac
643 3081 819 3162 irruerunt,
844 3101 965 3165 easque
990 3080 1147 3144 oneribus
1171 3089 1202 3143 et
1225 3079 1364 3144 tributis
1385 3100 1440 3163 gra·

329 3189 466 3260 varani,
502 3179 684 3262 Imperator
717 3178 817 3240 etiam
850 3199 947 3240 omne
982 3177 1038 3263 jus
1071 3176 1202 3242 feudale
1242 3181 1280 3242 in
1316 3179 1441 3242 ducatus

328 3277 467 3340 Parmae
492 3287 524 3339 ct
546 3275 736 3338 Placentiae
752 3274 910 3338 Pontifici
935 3276 1123 3359 denegavit,
1149 3275 1278 3361 haeque
1304 3278 1442 3341 civitates

327 3386 359 3438 et
383 3373 576 3438 Comaclum
600 3374 736 3457 Imperii
767 3372 868 3436 feuda
892 3395 962 3436 esse
987 3374 1167 3438 contendit.
1215 3373 1375 3438 Pontifex
1397 3370 1438 3434 ad-

328 3473 518 3536 monitionis
548 3480 580 3534 et
604 3472 870 3538 comminationis
894 3473 950 3534 via
974 3472 1095 3536 frustra
1119 3481 1263 3552 tentata,
1292 3472 1371 3557 jura
1392 3489 1440 3532 sua

326 3571 427 3634 armis
463 3569 640 3633 defendere
676 3569 856 3634 constituit.
904 3567 971 3632 Sed
1005 3591 1035 3634 a.
1074 3569 1159 3632 1709
1198 3591 1302 3654 quum
1341 3569 1437 3652 copiae

325 3668 538 3754 Imperatoris
554 3667 575 3732 J
578 3666 693 3752 csephi
710 3668 726 3731 I
745 3666 817 3750 jam
837 3667 959 3730 Romae
975 3667 1199 3748 imminerent,
1225 3665 1380 3731 Clemens
1393 3661 1438 3727 XI

325 3777 459 3831 coactus
482 3775 532 3830 est
554 3764 597 3829 ad
622 3786 738 3849 pacem
762 3764 959 3845 ineundam,
984 3773 1115 3849 praeter
1139 3764 1222 3828 alias
1246 3764 1437 3829 conditiones

325 3867 426 3928 etiam
450 3885 489 3926 ea
511 3862 627 3944 adfuit,
652 3872 688 3925 ut
706 3861 860 3927 Carolum
877 3863 930 3925 ΙΙΙ
953 3873 1114 3948 tanquam
1131 3863 1319 3947 Hispaniae
1341 3877 1434 3944 regen

325 3971 528 4045 agnosceret.
575 3959 728 4023 Clemens
752 3962 941 4024 necessitati
966 3960 1173 4025 ineluctabili
1199 3961 1322 4024 cedens
1345 3977 1434 4022 assen-

324 4061 382 4140 sit,
415 4059 516 4122 salvis
547 4066 658 4122 tamen
689 4058 822 4122 alterius
850 4058 1000 4143 juribus,
1036 4058 1079 4122 ad
1110 4081 1262 4123 normam
1295 4055 1434 4121 videlicet

326 4155 578 4220 Constitutionis
596 4154 775 4220 Clementis
791 4157 822 4220 V
847 4159 1015 4220 caventis:
1041 4155 1078 4219 St
1101 4155 1349 4241 quemdominus
1370 4153 1431 4214 Poa-

326 4253 408 4331 tifecc
432 4253 488 4316 aab
513 4251 603 4317 titulo
628 4255 794 4342 cujuslibet
817 4255 984 4341 dipac‘tatis
1009 4276 1048 4317 esc
1072 4265 1159 4317 certa
1182 4254 1325 4331 scientia,
1341 4246 1433 4318 'verta
