3020 4908
326 483 380 536 394
517 481 604 538 XLII.
642 481 682 536 De
700 485 777 535 statu
795 481 930 535 Ecclesiae
948 495 1016 537 saec.
1036 479 1136 534 decimo
1156 485 1260 536 octavo.

325 628 450 689 tionem
480 625 624 710 plurima
649 627 771 710 scripta
804 623 1047 702 demonstrant,
1084 625 1170 687 inter
1194 647 1279 710 quae
1304 626 1442 688 eminent

325 745 365 788 ea
395 745 480 810 quae
512 733 589 786 sunt
619 722 660 786 de
684 722 939 786 Beatificatione
970 730 1003 784 et
1026 719 1287 785 Canoniaatione
1318 722 1441 787 Sancto·

325 845 409 902 rum,
436 820 477 885 de
501 822 609 885 Fastis
623 818 746 884 Christi
770 829 802 883 et
818 820 995 904 Deiparac,
1021 818 1061 882 de
1082 818 1216 902 Synodo
1242 819 1442 898 dioecesana,

325 921 554 983 Institutiones
587 917 849 1000 ecclesiasticae,
886 916 1044 1003 epistolae
1076 916 1287 1000 encyclicae,
1325 915 1443 981 Consti·

325 1019 469 1081 tutiones
493 1027 525 1080 et
549 1017 688 1097 Brevia,
723 1039 808 1102 quae
833 1017 945 1080 omnia
969 1014 1173 1100 amplissima
1197 1014 1340 1099 implent
1363 1013 1444 1077 volu-

325 1118 426 1181 mina.
473 1114 565 1180 Nihil
590 1117 695 1178 estin
721 1114 902 1178 christiana
926 1113 1045 1194 ethica,
1071 1115 1105 1176 in
1125 1114 1201 1198 jure
1218 1114 1393 1193 canonice,
1415 1113 1445 1174 in

325 1213 503 1299 disciplina
534 1212 760 1277 ecclesiastica
792 1222 860 1276 tam
892 1210 1050 1292 arduum,
1086 1220 1154 1274 tam
1188 1220 1444 1285 controversum,

324 1320 391 1374 tam
416 1311 635 1392 reconditum,
661 1310 750 1397 quod
774 1331 840 1374 non
865 1309 1088 1374 eruditissime
1113 1307 1303 1394 explanarit
1326 1309 1398 1392 ipse
1420 1317 1446 1368 et

325 1408 507 1490 definierit,
532 1409 615 1472 adeo
640 1419 676 1472 ut
700 1431 742 1472 ex
766 1409 837 1494 ejus
861 1407 953 1472 libris
979 1410 1141 1493 episcopi,
1165 1404 1330 1490 theologi,
1358 1425 1445 1468 cano-

324 1507 429 1569 nistae
469 1516 502 1570 et
531 1507 747 1571 ecclesiastici
780 1506 901 1591 singuli
939 1527 1049 1570 rerum
1082 1503 1289 1590 agendarum
1321 1502 1447 1586 regulas

324 1605 495 1688 percipere
519 1607 683 1690 queant.¹)
730 1607 821 1669 Inter
841 1605 1023 1669 Pontifices
1047 1603 1170 1668 saeculi
1195 1602 1317 1666 decimi
1343 1603 1446 1665 octavi

325 1711 412 1766 certe
427 1701 630 1767 Benedictus
647 1703 730 1767 XIV
755 1726 834 1788 prae
859 1705 998 1767 caeteris
1019 1702 1254 1766 celeberrimus
1278 1701 1358 1780 fuit3
1384 1722 1445 1762 eru-

325 1799 451 1864 ditione
493 1823 603 1864 rerum
648 1823 815 1865 sacrarum
863 1800 1022 1886 plurimos
1066 1802 1215 1864 omnium
1263 1808 1444 1883 temporum

324 1899 504 1983 superavit.

173 2009 295 2050 P0¹¹tffl⁰¹⁵
414 2005 467 2070 23.
515 2006 581 2069 Hic
604 2006 760 2070 Pontifex
791 2009 825 2070 in
850 2008 991 2090 negotiis
1014 2006 1185 2070 Ecclesiae
1217 2029 1257 2070 ac
1281 2004 1445 2089 religionis
1499 2029 1500 2068 3

198 2077 269 2122 Μ’
325 2103 490 2188 permulta
514 2105 757 2189 sapientissime
775 2104 954 2186 ordinavit,
978 2114 1049 2168 tum
1074 2105 1117 2168 ad
1141 2105 1242 2186 digne
1259 2102 1444 2167 obeundum

324 2200 449 2264 cultum
475 2201 645 2282 divinum,
675 2211 745 2266 tum
770 2203 813 2266 ad
837 2202 1087 2266 restaurandam
1113 2201 1326 2287 disciplinam
1353 2199 1445 2263 eccle·

323 2302 501 2365 siasticam.
550 2301 616 2366 Sed
647 2299 778 2386 singula
811 2303 965 2386 prosequi
991 2299 1086 2364 nobis
1117 2322 1184 2364 non
1208 2308 1325 2372 vacat;
1365 2296 1444 2362 suffi-

324 2399 388 2461 ciet
418 2407 456 2462 ut
480 2399 520 2462 de
544 2399 725 2463 Benedicto
750 2400 834 2463 XIV
866 2421 973 2484 pauca
998 2399 1149 2462 dicamus
1180 2419 1239 2483 pro
1264 2418 1366 2481 scopo
1396 2397 1445 2480 qui

324 2495 420 2559 nobis
445 2499 631 2582 propositus
655 2506 720 2580 est,
751 2497 909 2561 videlicet
932 2497 1042 2583 quoad
1066 2498 1199 2581 negotia
1223 2517 1309 2580 quae
1334 2493 1447 2558 habuit

324 2614 400 2656 cum
421 2585 524 2657 variis
548 2594 834 2679 orbisguberniis.
873 2594 1067 2659 Generatim
1083 2594 1138 2658 hic
1154 2594 1311 2658 Pontifex
1332 2614 1447 2675 magna
1498 2639 1499 2642 ,

323 2713 402 2753 usus
433 2700 482 2755 est
514 2692 755 2774 moderatione,
792 2696 950 2778 pacisque
984 2693 1244 2757 studiosissimus
1275 2713 1345 2755 non
1378 2712 1447 2753 cum

322 2789 429 2872 rigore
453 2789 624 2853 Ecclesiae
643 2790 721 2875 jura
745 2791 951 2872 vindicavit,
977 2791 1035 2855 sed
1060 2813 1136 2854 cum
1160 2791 1263 2854 variis
1287 2790 1447 2873 imperan-

322 2885 411 2950 tibus
436 2887 592 2951 civilibus
620 2887 819 2953 Concordotu
843 2897 875 2951 et
902 2888 1128 2954 Consentiooes
1154 2890 1229 2951 iniit
1252 2887 1297 2950 ad
1322 2907 1447 2970 compo·
1497 2947 1498 2956 ,

323 2983 450 3047 nendas
474 2984 657 3050 discordias
675 2996 762 3050 ortas
780 2988 938 3051 intereos
964 2986 1195 3050 etRomanam
1213 2983 1363 3050 Curiam.
1404 2985 1446 3048 Ea
1497 3007 1498 3030 r

323 3083 451 3145 ratione
483 3083 570 3146 felici
603 3106 678 3147 cum
703 3106 858 3147 successu
882 3093 1030 3168 tempore
1058 3083 1270 3168 pontificatus
1295 3084 1348 3146 sui
1379 3105 1447 3146 ocn-

323 3180 471 3243 cordiam
496 3181 675 3266 quamdam
710 3204 750 3245 ac
774 3204 891 3267 pacem
917 3203 992 3245 cum
1016 3180 1188 3266 guberniis
1212 3180 1368 3266 pluribus
1399 3179 1447 3243 cb·
1497 3237 1498 3260 ,

323 3278 440 3358 tinuit,
466 3300 531 3363 qua
555 3281 590 3342 in
613 3302 666 3359 re,
700 3282 748 3342 uti
773 3280 923 3361 videtur,
957 3279 1085 3365 aliquid
1109 3281 1209 3342 etiam
1233 3277 1445 3342 tribuendum

323 3383 372 3438 est
396 3375 555 3459 singulari
581 3379 707 3461 ingenii
740 3387 772 3442 θῖ
796 3379 992 3442 eruditionis
1016 3378 1125 3441 famae
1156 3399 1241 3462 quae
1266 3376 1445 3440 Benedicto

323 3472 529 3557 personalem
567 3474 726 3538 honorem
767 3485 799 3539 et
831 3477 1052 3539 reverentiam
1085 3474 1296 3540 conciliabat.
1354 3473 1444 3554 Quod
1496 3531 1497 3538 ,

323 3591 401 3633 vero
426 3572 549 3635 nimius
580 3574 738 3636 fueritin
762 3576 825 3637 ista
849 3573 1077 3638 moderatione
1109 3575 1297 3658 nimiasque
1322 3595 1443 3637 conces·

324 3670 433 3732 siones
464 3671 578 3734 fecerit
607 3673 834 3756 principibus,
872 3674 917 3735 ita
942 3681 978 3735 ut
1002 3672 1197 3736 audaciores
1225 3671 1306 3734 facti
1338 3681 1441 3758 postea

323 3765 494 3830 Ecclesiae
513 3769 591 3852 jura
615 3770 721 3853 magis
744 3769 918 3849 laeserint,
953 3771 1116 3833 immerito
1141 3771 1244 3833 asseri
1270 3789 1440 3833 censerem.

323 3867 477 3948 quamvis
501 3865 603 3951 aliqui
628 3869 675 3930 ita
699 3869 932 3949 existiment.²)

400 4088 418 4154 ¹)
438 4087 493 4140 Ofr.
513 4087 650 4152 Wouters‚
669 4089 703 4145 Η.
723 4089 754 4146 Ε.
776 4097 797 4146 ῖ.
817 4090 866 4146 ΠΙ.
886 4106 912 4157 p.
931 4092 993 4147 260.

397 4165 419 4235 2)
440 4166 527 4221 caute
554 4167 604 4222 hac
623 4169 656 4222 de
674 4184 704 4222 re
723 4169 824 4234 Feller‚
844 4171 915 4225 Dict.
935 4170 1013 4226 hist:
1041 4169 1098 4236 „La
1117 4172 1303 4239 moderatiori,
1331 4173 1434 4239 l'equite.

323 4245 425 4313 l’esprit
444 4247 477 4301 de
495 4248 560 4315 paix
579 4255 627 4302 ont
646 4252 691 4303 ete
709 4249 788 4304 l'ame
807 4251 840 4304 de
852 4267 899 4304 son
918 4259 1140 4320 gouvernement.
1173 4253 1227 4307 Son
1246 4254 1381 4322 pontificat
1397 4250 1432 4302 lut
