2964 4912
333 467 387 520 318
593 466 664 519 XLI.
701 466 742 520 De
760 465 950 520 Declaratione
969 466 1040 521 Cleri
1059 465 1203 523 Gallicani.

332 609 399 693 logi
420 609 581 694 jurarent,
610 633 644 674 se
666 612 702 674 in
725 611 793 674 suis
817 609 966 673 thesibus
989 609 1073 674 nihil
1097 595 1360 696 propugnaturos
1382 635 1439 676 esse

333 717 449 770 contra
473 729 498 770 s.
522 707 719 793 Scripturas,
746 705 895 771 Concilia
919 709 1143 790 oecumenica,
1168 718 1201 772 et
1223 710 1358 773 Decreta
1379 713 1438 773 lili.

334 805 527 888 Pontificum.
575 805 744 870 Mediante
774 807 876 890 igitur
908 804 1040 869 saeculo
1073 805 1202 870 decimo
1227 809 1364 892 septimo
1392 808 1439 871 ua-

335 902 440 965 cultas
470 903 656 987 theologica
687 903 882 967 Parisiensis
913 914 983 967 tum
1016 902 1167 968 doctrina
1197 916 1268 968 tum
1300 904 1440 989 professo·

333 1022 407 1063 rum
445 1001 641 1065 orthodoxia
676 1003 822 1065 maxime
863 1001 1012 1066 florebat.
1067 999 1134 1066 Sed
1168 1002 1376 1067 lansenistae
1411 1024 1440 1065 ae

334 1101 527 1182 praesertim
551 1099 720 1165 Arnaldus
750 1110 831 1164 tunc
863 1099 972 1185 plures
1003 1100 1154 1164 doctores
1182 1103 1216 1164 in
1241 1121 1318 1164 suas
1349 1113 1442 1184 partes

332 1204 516 1277 traxerunt,
542 1197 711 1262 doctrinae
728 1197 873 1261 Richerii
899 1211 1030 1284 quoque
1053 1197 1180 1284 aliquot
1202 1197 1345 1262 asseclas
1368 1199 1442 1260 iuve-

333 1303 463 1375 ueru'nt,
489 1304 521 1358 et
543 1295 726 1360 simultates
742 1305 876 1359 exortae
893 1305 970 1360 sunt
986 1305 1100 1359 contra
1117 1294 1261 1360 Ordines
1277 1295 1441 1380 religiosos.

332 1391 417 1455 Iade
441 1393 576 1475 agitatio
608 1393 773 1478 quaedam
805 1395 839 1457 in
864 1393 1038 1458 Facultate
1061 1393 1249 1478 theologica
1279 1396 1366 1458 inter
1388 1393 1442 1479 plu-

331 1491 433 1553 rimas
457 1489 529 1554 illos
553 1491 703 1556 doctores
727 1492 900 1574 existebat,
925 1501 958 1555 et
979 1491 1111 1556 facilius
1134 1492 1198 1556 fuit
1220 1492 1323 1556 altero
1349 1491 1442 1555 medio

333 1588 456 1652 saeculi
487 1589 609 1654 decimi
641 1592 772 1676 septimi
811 1590 919 1654 eidem
952 1589 1129 1654 obtrudere
1159 1592 1326 1674 principia
1357 1588 1443 1654 Galli-

333 1708 434 1767 cana,
468 1708 553 1773 quae
576 1711 596 1752 a
620 1688 885 1772 magistratibus,
911 1711 931 1752 a
954 1689 1056 1752 curiis
1083 1698 1116 1752 et
1139 1710 1159 1751 a
1181 1687 1346 1772 gubernio
1369 1687 1442 1750 fove-

332 1782 464 1848 bantur.
479 1822 523 1832 -
538 1787 591 1848 De
615 1785 733 1850 horum
757 1789 997 1872 principiorum
1021 1786 1129 1850 indole
1152 1785 1235 1849 haec
1252 1784 1442 1850 advertenda

333 1884 483 1946 veniunt.

162 1980 323 2056 GQ¹¹¹⁰⁸¹¹¹⁸¹¹¹¹
426 1979 476 2045 10.
521 1982 684 2044 Doctrina
721 1980 897 2046 Gallicana
938 1982 1057 2047 mediis
1097 1983 1131 2046 in
1172 1980 1368 2059 discordiis,
1407 1981 1440 2041 uti

194 2045 290 2085 mm*
334 2078 497 2160 vidimus,
530 2079 684 2160 inventa,
720 2089 757 2142 ut
785 2082 953 2166 principes
983 2082 1261 2166 magistratusque
1285 2079 1400 2144 civiles
1418 2093 1467 2139 set

332 2176 493 2240 adversus
519 2174 778 2242 Constitutiones
802 2180 980 2261 munirent,
1005 2179 1127 2265 quibus
1148 2177 1250 2243 Sedes
1266 2175 1440 2261 Apostolica

332 2295 436 2358 quum
455 2273 533 2357 jura
557 2273 727 2339 Ecclesiae
750 2284 821 2339 tum
846 2278 993 2340 maxime
1015 2275 1203 2340 libertatem
1227 2275 1393 2357 tuebatur,
1415 2293 1440 2334 eo
1466 2323 1467 2358 ,

332 2373 541 2456 potissimum
565 2371 746 2457 spectabat,
771 2385 806 2437 ut
821 2373 1025 2459 Apostolicae
1042 2375 1214 2460 potestatis
1228 2375 1291 2436 aira
1316 2383 1348 2436 et
1366 2374 1440 2435 aetio-
1465 2359 1467 2430 l

330 2493 403 2533 uem
439 2469 636 2556 infringeret.
689 2469 855 2535 Gallicani
892 2473 993 2556 igitur
1007 2471 1200 2544 ,libertatem
1230 2471 1393 2534 Ecclesiae
1419 2471 1438 2530 ir

330 2579 468 2632 aeterum
491 2591 645 2632 oauouuru
676 2580 706 2631 et
728 2571 877 2654 autiquae
901 2571 1137 2634 consuetudinis
1165 2569 1384 2632 observatione
1400 2589 1438 2652 po-

330 2665 459 2730 nebaut.
507 2666 605 2730 Hanc
635 2687 714 2730 vero
739 2666 875 2731 aiebant
904 2666 1130 2731 felicissimam
1160 2666 1325 2731 libertatis
1351 2664 1440 2730 condi-

331 2765 457 2826 tionem
473 2762 598 2849 ubiqne
614 2773 787 2847 terrarum,
812 2765 1030 2830 immoderato
1045 2765 1250 2829 auctoritatis
1266 2763 1439 2849 pontificiae

332 2882 405 2941 usu,
430 2862 641 2924 constrictam
666 2870 766 2947 atque
789 2884 999 2947 oppressam,
1029 2864 1064 2926 in
1087 2884 1155 2926 una
1178 2861 1290 2927 Gallia
1313 2871 1439 2948 perstare

332 2959 506 3042 integram.
553 2960 639 3022 Hiuc
654 2959 782 3045 factura
806 2983 888 3039 esse,
921 2971 957 3024 ut
980 2960 1125 3024 Ecclesia
1150 2959 1328 3025 Gallicana
1350 2981 1439 3022 acuar

331 3056 492 3120 libertatis
514 3069 694 3143 usurparet,
718 3081 811 3143 quum
835 3059 987 3123 aduersus
1008 3081 1093 3122 uoce
1115 3057 1174 3122 SS.
1199 3058 1385 3141 Pontificum
1404 3055 1439 3118 de·
1467 3115 1468 3138 ,

323 3164 418 3218 creta
449 3165 505 3218 aut
526 3177 622 3220 uauos
651 3158 868 3243 episcoporum
892 3168 1024 3221 acuatur
1048 3207 1105 3222 ...
1131 3157 1169 3220 de
1201 3158 1346 3241 antiquie
1368 3175 1439 3218 cauo·

330 3251 426 3316 uibus
459 3264 490 3316 et
520 3253 658 3317 moribus
691 3256 855 3340 eaciperet.
865 3257 888 3336 ¹)
935 3255 1059 3340 Regem
1093 3275 1188 3340 porro
1220 3255 1275 3317 cui
1309 3264 1343 3316 et
1373 3250 1439 3316 sacri

332 3370 478 3412 canones
501 3351 616 3415 tuendi
641 3362 751 3415 essent
774 3361 806 3415 et
830 3374 971 3436 magnae
995 3353 1139 3416 nationis
1161 3350 1268 3435 gloria
1294 3362 1326 3414 et
1342 3353 1439 3414 immn-

332 3448 429 3528 nitas,
453 3446 539 3510 nihil
561 3469 628 3512 non
642 3471 741 3534 agere
766 3449 896 3532 debere,
922 3460 959 3514 ut
980 3449 1150 3514 libertates
1164 3448 1240 3513 illas
1264 3472 1285 3512 a
1300 3448 1357 3514 SS.
1373 3448 1438 3510 Pon-

330 3545 460 3609 tificum
493 3545 623 3631 injuriis
656 3569 865 3634 quacumque
889 3557 998 3633 posset
1021 3548 1149 3611 ratione
1174 3547 1382 3627 defenderet,
1410 3563 1437 3605 ac

332 3652 436 3708 sertas
469 3653 572 3708 tectas
605 3655 824 3710 conservaret.
877 3646 932 3709 Ad
971 3646 1058 3710 hanc
1094 3645 1323 3709 defensionem
1356 3645 1438 3728 igitur

333 3744 427 3806 varia
457 3743 645 3826 excogitata
669 3753 748 3808 sunt
779 3743 888 3808 media
912 3767 951 3808 ac
974 3744 1131 3810 remedia.
1179 3742 1263 3807 Tale
1295 3742 1357 3806 fuit
1380 3739 1436 3804 Pla·

374 4014 380 4058 ζ
407 4000 428 4070 ¹)
447 3999 483 4054 P.·
497 3999 650 4065 Deliarca,
669 3999 710 4052 De
728 3999 848 4054 concord.
861 3999 966 4054 Sacerd.
986 4005 1015 4053 et
1026 3999 1124 4065 Impar.
1144 3997 1174 4055 L.
1185 3999 1238 4055 III.
1258 4000 1312 4056 cI.
1332 4014 1373 4053 nn.
1386 3996 1406 4050 6,
1418 3995 1434 4044 l.

332 4080 417 4134 Addit
431 4079 542 4146 quidem
564 4079 606 4132 rel
625 4080 708 4132 etiam
728 4085 826 4132 eontra
845 4081 999 4133 saecularis
1015 4079 1167 4147 potestatis
1187 4080 1315 4132 illicitam
1334 4092 1434 4142 astupe-

335 4163 444 4214 tioueru.
482 4160 532 4213 Sed
550 4158 606 4213 ista
630 4164 695 4212 sunt
716 4173 788 4213 mere
809 4159 905 4226 verbe-3
931 4160 960 4213 in
978 4158 1056 4227 praxi
1074 4173 1140 4212 sane
1158 4173 1213 4211 uon
1232 4157 1322 4212 fiebat.
1341 4163 1370 4210 ut
1386 4153 1433 4208 Gal·

332 4241 414 4294 licani
434 4240 595 4294 resisterent
610 4239 745 4305 potestati
764 4239 847 4292 civili.
