3288 4900
463 456 576 511 Concilii
595 457 720 525 periodus
738 456 833 524 prima.
1200 460 1235 514 95

128 599 216 664 Sessio
243 602 378 687 septimo
417 601 494 665 dein
526 601 579 664 die
611 600 649 664 3⁰
672 600 785 664 Martii
816 599 931 664 habita
963 611 1022 680 est,
1061 612 1160 684 atque
1199 605 1234 666 in

125 700 227 763 eadem
265 699 418 764 doctrina
456 698 619 763 catholica
658 698 697 761 de
729 697 944 762 decrementis
973 699 1007 761 io
1037 721 1157 783 periere,
1196 702 1235 764 de

125 798 264 882 baptismo
288 797 389 862 aede
413 797 647 880 confirmatione
671 797 840 881 proposita
856 797 928 858 fuit.
952 797 1097 860 Decreta
1112 799 1236 881 pariter

125 896 352 959 reformationis
376 904 453 959 sunt
476 893 601 974 addita,
632 915 718 979 quae
751 892 966 985 beneficiorum
995 893 1235 959 cumulationem

125 992 221 1056 etalio
245 993 288 1056 ad
304 993 629 1057 administrationem
645 991 841 1056 dioeceseon
856 992 1057 1077 pertinentia
1073 1004 1233 1077 spectant.

124 1090 209 1154 Brevi
233 1101 317 1175 post,
341 1089 499 1154 videlicet
523 1092 557 1154 in
582 1087 729 1156 Sessione
753 1100 866 1154 octava
895 1089 949 1153 die
964 1089 1156 1172 11⁰Martii,
1182 1091 1235 1154 de·

124 1201 199 1250 creta
232 1199 281 1252 est
312 1188 484 1254 translatio
516 1185 659 1252 Concilii
693 1188 896 1269 Bononiam,
935 1208 1000 1272 quo
1039 1187 1079 1251 de
1112 1200 1235 1253 eventu

124 1285 274 1370 quaedam
305 1287 479 1351 advertere
510 1287 735 1350 necessarium
768 1285 909 1365 videtur,
944 1308 1046 1370 quum
1077 1308 1120 1351 ex
1153 1287 1235 1372 ejus-

125 1385 200 1448 modi
230 1384 443 1449 translatione
473 1383 703 1447 vehementior
734 1365 901 1446 discordia
923 1383 1118 1447 Pontificem
1149 1387 1236 1449 inter
1281 1435 1287 1452 .

123 1493 147 1542 et
167 1481 343 1548 Caesarem
367 1492 438 1546 orta
462 1484 513 1563 sit,
538 1491 571 1545 et
594 1481 771 1546 celebratio
796 1480 924 1564 Synodi
948 1481 1142 1566 interrupta.

118 1571 121 1576 ¹
197 1580 251 1645 44.
298 1580 422 1646 Paulus
445 1577 541 1664 Sarpi
567 1578 646 1642 dum
671 1578 839 1658 describit,
872 1599 937 1663 qua
970 1581 1097 1642 ratione
1130 1590 1235 1644 trans.
1262 1599 1392 1638 manusco

122 1675 188 1740 latio
227 1680 292 1742 ista
330 1680 520 1763 contigerit,
561 1677 684 1762 stylum
733 1679 767 1741 in
804 1676 1001 1740 Pontificem
1039 1680 1138 1749 etiam
1180 1702 1234 1743 ve·
1272 1660 1378 1702 ΜΝ·

122 1772 299 1839 hementius
324 1775 419 1840 solito
451 1779 553 1854 acuit,
585 1785 685 1859 atque
709 1776 744 1838 in
768 1784 837 1838 tota
861 1796 896 1836 re
917 1773 1001 1837 nihil
1025 1773 1116 1839 aliud
1144 1777 1237 1841 videt

121 1872 177 1934 nisi
198 1872 294 1937 Pauli
318 1874 369 1938 Ill
392 1884 542 1955 terrores,
567 1872 782 1937 calliditatem
806 1881 907 1956 atque
931 1870 1145 1957 hypocrisim.
1181 1875 1234 1938 Ex

121 1971 164 2048 iis,
188 1971 311 2048 scribit,
336 1971 596 2057 quaeTridento
621 1971 761 2035 Romam
786 1969 1015 2034 referebantur
1037 1972 1234 2037 Pontificem

120 2071 294 2134 teterrimas
308 2071 349 2134 de
365 2069 501 2155 Synodo
517 2071 701 2154 suscepisse
716 2071 932 2154 suspiciones,
958 2090 999 2132 ne
1014 2070 1094 2154 quid
1112 2071 1235 2134 sinistri

121 2175 225 2230 contra
275 2168 508 2254 pontificatum
558 2169 683 2233 ibidem
731 2169 921 2253 agitaretur.
991 2166 1234 2252 Perpendebat,

121 2263 424 2331 vehementissimas
449 2289 519 2332 esse
543 2266 618 2330 lites
642 2267 902 2330 interfectiones
925 2264 1165 2349 theologorum,
1190 2269 1236 2330 ita

122 2371 150 2424 ut
172 2361 225 2425 alii
250 2363 286 2426 in
302 2363 384 2429 alios
397 2365 542 2429 haeresis
557 2365 804 2428 accusationem
821 2363 1015 2448 proferrent,
1040 2362 1235 2429 audaciores

122 2481 183 2522 esse
205 2460 318 2544 plures
341 2461 467 2544 Patres,
499 2485 539 2526 ac
570 2462 756 2526 timendum
785 2483 866 2543 esse,
898 2483 940 2524 ne
970 2460 1128 2546 obligatio
1159 2465 1235 2528 resi-

123 2557 242 2622 dentiae
267 2561 499 2646 episcoporum
524 2561 660 2644 dejure
685 2560 799 2623 divino
832 2568 868 2621 ut
897 2557 1055 2624 articulus
1078 2558 1156 2622 fidei
1181 2561 1235 2623 ad-

123 2665 301 2720 strueretur.
348 2658 421 2722 Tali
449 2669 560 2722 autem
592 2659 689 2722 modo
721 2657 950 2742 pontificatum
982 2659 1128 2722 maxime
1160 2681 1235 2722 con·
1294 2657 1301 2669 '

124 2753 197 2820 velli.
252 2755 331 2820 Jam
363 2758 607 2821 reformationis
646 2757 816 2840 negotium
849 2779 868 2818 a
904 2777 938 2818 se
970 2754 1014 2818 ad
1048 2755 1235 2820 Concilium

126 2863 287 2916 avocatum
312 2853 461 2936 dolebat3
485 2877 526 2919 ac
549 2854 662 2918 multis
686 2854 760 2918 aliis
784 2855 918 2917 motivis
941 2853 1235 2918 vehementissima

129 2946 299 3014 diffidentia
323 2953 357 3016 in
383 2954 557 3038 episcopos
581 2974 657 3016 eum
682 2952 867 3017 invaderat.

198 3048 252 3112 45.
299 3049 375 3114 Non
401 3053 510 3114 minus
533 3072 612 3114 vero
637 3059 827 3136 suspectum
859 3048 1005 3113 habebat
1026 3048 1150 3113 Paulus
1176 3050 1236 3114 Ca-

123 3143 216 3208 rolum
232 3145 274 3230 V,
301 3169 339 3210 eo
363 3147 417 3211 vel
442 3151 547 3232 magis
571 3148 659 3233 quod
684 3147 739 3210 hic
762 3158 843 3210 tunc
859 3158 944 3210 esset
958 3148 993 3210 in
1009 3150 1236 3232 prosperitatis

123 3253 149 3303 et
178 3246 349 3327 potestatis
382 3247 525 3330 fastigio.
572 3245 747 3328 Censebat,
787 3247 896 3330 ipsum
931 3243 1058 3308 ambire
1086 3245 1235 3309 favorem

121 3337 380 3424 Protestantium,
412 3354 449 3409 ut
472 3353 667 3429 potestatem
692 3365 785 3408 suam
810 3342 921 3406 adhuc
945 3341 1121 3425 attolleret3
1159 3365 1235 3406 eum

122 3435 177 3500 sibi
200 3461 270 3502 esse
294 3439 471 3522 infensum,
504 3452 603 3526 atque
634 3443 668 3505 in
700 3442 812 3504 animo
836 3439 969 3522 habere,
1003 3449 1039 3502 ut
1061 3450 1132 3504 tum
1157 3439 1236 3506 Ger·

121 3537 243 3600 maniae
267 3547 338 3601 tum
354 3537 471 3602 ltaliae
495 3561 529 3602 se
553 3539 707 3602 redderet
730 3539 914 3619 dominum,
939 3546 976 3600 ut
998 3539 1069 3622 ipso
1085 3538 1235 3602 Concilio

121 3641 259 3697 uteretur
281 3635 325 3698 ad
349 3635 605 3722 opprimendum
629 3635 834 3718 Pontificem,
864 3645 975 3720 utque,
1006 3657 1083 3718 rege
1107 3634 1236 3700 Galliae

121 3734 210 3794 morti
228 3732 301 3816 jam
325 3735 487 3818 proximo,
521 3733 683 3798 arbitrum
709 3756 743 3798 se
767 3735 982 3798 constitueret
1010 3735 1112 3797 totius
1136 3736 1235 3797 socie-

121 3830 192 3892 tatis
220 3830 432 3897 christianae.
479 3833 570 3898 Hinc
600 3835 734 3896 omnino
767 3834 990 3896 necessarium
1021 3833 1235 3912 existimavit,

122 3935 155 3986 ut
177 3927 360 3992 Concilium
385 3951 444 3994 suo
469 3929 627 4017 obsequio
652 3931 866 4015 manciparet,
901 3941 1000 4014 atque
1023 3929 1106 3992 adeo
1130 3929 1235 3993 Bono·

123 4024 215 4106 niem,
239 4029 274 4091 in
298 4029 469 4092 civitatem
494 4028 631 4092 ditionis
654 4027 855 4112 pontificiae,
879 4027 1079 4091 transferret.
1119 4027 1235 4091 Tabel-

121 4117 232 4188 larium
256 4126 358 4210 igitur
374 4127 465 4189 misit
480 4125 678 4190 Tridentum
703 4127 759 4210 qui
785 4124 950 4189 celebrata
974 4128 1118 4190 sessione
1142 4137 1236 4189 sexta

123 4215 231 4301 legatis
263 4224 450 4306 intimaret,
491 4232 528 4286 ut
562 4222 650 4287 illico
688 4223 749 4286 sub
790 4222 1024 4308 qualicumque
1061 4233 1236 4308 praetextu
1305 4241 1316 4256 ·
