<?xml version="1.0" encoding="UTF-8"?>
<!DOCTYPE html PUBLIC "-//W3C//DTD XHTML 1.0 Transitional//EN"
    "http://www.w3.org/TR/xhtml1/DTD/xhtml1-transitional.dtd">
<html xmlns="http://www.w3.org/1999/xhtml" xml:lang="en" lang="en">
 <head>
  <title>
</title>
<meta http-equiv="Content-Type" content="text/html;charset=utf-8" />
  <meta name='ocr-system' content='tesseract 3.04.00' />
  <meta name='ocr-capabilities' content='ocr_page ocr_carea ocr_par ocr_line ocrx_word'/>
</head>
<body>
  <div class='ocr_page' id='page_1' title='image "./dissertationess03junggoog_0256.png"; bbox 0 0 3336 4908; ppageno 0'>
   <div class='ocr_carea' id='block_1_1' title="bbox 312 462 1155 534">
    <p class='ocr_par' dir='ltr' id='par_1_1' title="bbox 312 462 1155 534">
     <span class='ocr_line' id='line_1_1' title="bbox 312 462 1155 534; baseline 0.001 -17"><span class='ocrx_word' id='word_1_1' title='bbox 312 463 353 517; x_wconf 91' lang='lat' dir='ltr'>De</span> <span class='ocrx_word' id='word_1_2' title='bbox 369 462 535 518; x_wconf 83' lang='lat' dir='ltr'>Jansenismi</span> <span class='ocrx_word' id='word_1_3' title='bbox 553 462 661 532; x_wconf 75' lang='lat' dir='ltr'>origine</span> <span class='ocrx_word' id='word_1_4' title='bbox 679 466 708 516; x_wconf 87' lang='lat' dir='ltr'>ct</span> <span class='ocrx_word' id='word_1_5' title='bbox 725 477 878 534; x_wconf 84' lang='lat' dir='ltr'>progressu.</span> <span class='ocrx_word' id='word_1_6' title='bbox 1101 463 1155 518; x_wconf 73' lang='lat'>243</span> 
     </span>
    </p>
   </div>
   <div class='ocr_carea' id='block_1_2' title="bbox 23 605 1156 2353">
    <p class='ocr_par' dir='ltr' id='par_1_2' title="bbox 23 605 1156 2353">
     <span class='ocr_line' id='line_1_2' title="bbox 57 605 1154 691; baseline 0.001 -23"><span class='ocrx_word' id='word_1_7' title='bbox 57 607 165 670; x_wconf 87' lang='lat' dir='ltr'>credita</span> <span class='ocrx_word' id='word_1_8' title='bbox 180 618 236 688; x_wconf 87' lang='lat' dir='ltr'>est,</span> <span class='ocrx_word' id='word_1_9' title='bbox 261 608 403 671; x_wconf 87' lang='lat' dir='ltr'>referam</span> <span class='ocrx_word' id='word_1_10' title='bbox 427 629 447 670; x_wconf 90' lang='lat' dir='ltr'>a</span> <span class='ocrx_word' id='word_1_11' title='bbox 471 607 588 670; x_wconf 84' lang='lat' dir='ltr'>divina</span> <span class='ocrx_word' id='word_1_12' title='bbox 607 606 738 691; x_wconf 88' lang='lat' dir='ltr'>justitia</span> <span class='ocrx_word' id='word_1_13' title='bbox 753 605 878 670; x_wconf 90' lang='lat' dir='ltr'>bonum</span> <span class='ocrx_word' id='word_1_14' title='bbox 891 615 951 670; x_wconf 90' lang='lat' dir='ltr'>aut</span> <span class='ocrx_word' id='word_1_15' title='bbox 966 606 1154 688; x_wconf 82' lang='lat' dir='ltr'>malum.“²)</span> 
     </span>
     <span class='ocr_line' id='line_1_3' title="bbox 57 703 1156 789; baseline 0.002 -23"><span class='ocrx_word' id='word_1_16' title='bbox 57 703 100 766; x_wconf 82' lang='lat' dir='ltr'>Ex</span> <span class='ocrx_word' id='word_1_17' title='bbox 118 703 216 768; x_wconf 87' lang='lat' dir='ltr'>altera</span> <span class='ocrx_word' id='word_1_18' title='bbox 239 726 317 768; x_wconf 88' lang='lat' dir='ltr'>vero</span> <span class='ocrx_word' id='word_1_19' title='bbox 348 713 441 789; x_wconf 89' lang='lat' dir='ltr'>parte</span> <span class='ocrx_word' id='word_1_20' title='bbox 468 703 710 768; x_wconf 87' lang='lat' dir='ltr'>advertendum</span> <span class='ocrx_word' id='word_1_21' title='bbox 743 712 802 785; x_wconf 89' lang='lat' dir='ltr'>est,</span> <span class='ocrx_word' id='word_1_22' title='bbox 833 725 876 767; x_wconf 86' lang='lat' dir='ltr'>ex</span> <span class='ocrx_word' id='word_1_23' title='bbox 907 705 1053 789; x_wconf 89' lang='lat' dir='ltr'>epistolis</span> <span class='ocrx_word' id='word_1_24' title='bbox 1074 705 1156 770; x_wconf 85' lang='lat' dir='ltr'>Jan·</span> 
     </span>
     <span class='ocr_line' id='line_1_4' title="bbox 56 801 1156 887; baseline 0.001 -23"><span class='ocrx_word' id='word_1_25' title='bbox 56 804 123 865; x_wconf 89' lang='lat' dir='ltr'>senii</span> <span class='ocrx_word' id='word_1_26' title='bbox 146 803 263 886; x_wconf 82' lang='lat' dir='ltr'>colligi,</span> <span class='ocrx_word' id='word_1_27' title='bbox 295 825 371 866; x_wconf 84' lang='lat' dir='ltr'>eum</span> <span class='ocrx_word' id='word_1_28' title='bbox 401 801 616 887; x_wconf 87' lang='lat' dir='ltr'>praejudiciis</span> <span class='ocrx_word' id='word_1_29' title='bbox 645 810 679 866; x_wconf 91' lang='lat' dir='ltr'>et</span> <span class='ocrx_word' id='word_1_30' title='bbox 707 803 881 866; x_wconf 78' lang='lat' dir='ltr'><strong>aversione</strong></span> <span class='ocrx_word' id='word_1_31' title='bbox 912 804 947 866; x_wconf 92' lang='lat' dir='ltr'>in</span> <span class='ocrx_word' id='word_1_32' title='bbox 974 801 1156 867; x_wconf 84' lang='lat' dir='ltr'>tribunalia</span> 
     </span>
     <span class='ocr_line' id='line_1_5' title="bbox 55 898 1155 986; baseline 0.002 -23"><span class='ocrx_word' id='word_1_33' title='bbox 55 899 80 964; x_wconf 87' lang='lat' dir='ltr'>S.</span> <span class='ocrx_word' id='word_1_34' title='bbox 100 898 189 964; x_wconf 90' lang='lat' dir='ltr'>Sedis</span> <span class='ocrx_word' id='word_1_35' title='bbox 219 904 382 986; x_wconf 91' lang='lat' dir='ltr'>repletum</span> <span class='ocrx_word' id='word_1_36' title='bbox 414 900 525 982; x_wconf 88' lang='lat' dir='ltr'>fuisse,</span> <span class='ocrx_word' id='word_1_37' title='bbox 556 921 618 964; x_wconf 87' lang='lat' dir='ltr'>nec</span> <span class='ocrx_word' id='word_1_38' title='bbox 641 900 857 983; x_wconf 80' lang='lat' dir='ltr'>ignoravisse,</span> <span class='ocrx_word' id='word_1_39' title='bbox 889 900 1056 964; x_wconf 80' lang='lat' dir='ltr'><strong>doctrinas</strong></span> <span class='ocrx_word' id='word_1_40' title='bbox 1079 923 1155 965; x_wconf 88' lang='lat' dir='ltr'>suas</span> 
     </span>
     <span class='ocr_line' id='line_1_6' title="bbox 53 997 1155 1086; baseline 0.003 -26"><span class='ocrx_word' id='word_1_41' title='bbox 53 997 114 1081; x_wconf 88' lang='lat' dir='ltr'>Baji</span> <span class='ocrx_word' id='word_1_42' title='bbox 136 999 307 1084; x_wconf 82' lang='lat' dir='ltr'>opiniones</span> <span class='ocrx_word' id='word_1_43' title='bbox 331 999 505 1062; x_wconf 85' lang='lat' dir='ltr'>damnatas</span> <span class='ocrx_word' id='word_1_44' title='bbox 520 1007 714 1062; x_wconf 85' lang='lat' dir='ltr'>restaurare.</span> <span class='ocrx_word' id='word_1_45' title='bbox 746 997 920 1082; x_wconf 82' lang='lat' dir='ltr'>Ejusmodi</span> <span class='ocrx_word' id='word_1_46' title='bbox 944 1007 1056 1062; x_wconf 88' lang='lat' dir='ltr'>autem</span> <span class='ocrx_word' id='word_1_47' title='bbox 1072 1021 1155 1086; x_wconf 93' lang='lat' dir='ltr'>opus</span> 
     </span>
     <span class='ocr_line' id='line_1_7' title="bbox 53 1095 1155 1180; baseline 0.004 -23"><span class='ocrx_word' id='word_1_48' title='bbox 53 1095 134 1179; x_wconf 82' lang='lat' dir='ltr'>quale</span> <span class='ocrx_word' id='word_1_49' title='bbox 165 1097 370 1180; x_wconf 91' lang='lat' dir='ltr'>conscripsit,</span> <span class='ocrx_word' id='word_1_50' title='bbox 402 1095 459 1159; x_wconf 91' lang='lat' dir='ltr'>illo</span> <span class='ocrx_word' id='word_1_51' title='bbox 482 1104 629 1179; x_wconf 88' lang='lat' dir='ltr'>tempore</span> <span class='ocrx_word' id='word_1_52' title='bbox 653 1115 691 1158; x_wconf 89' lang='lat' dir='ltr'>eo</span> <span class='ocrx_word' id='word_1_53' title='bbox 716 1096 826 1158; x_wconf 90' lang='lat' dir='ltr'>minus</span> <span class='ocrx_word' id='word_1_54' title='bbox 849 1117 870 1158; x_wconf 89' lang='lat' dir='ltr'>a</span> <span class='ocrx_word' id='word_1_55' title='bbox 893 1096 964 1159; x_wconf 90' lang='lat' dir='ltr'>viro</span> <span class='ocrx_word' id='word_1_56' title='bbox 996 1096 1155 1180; x_wconf 85' lang='lat' dir='ltr'>probatae</span> 
     </span>
     <span class='ocr_line' id='line_1_8' title="bbox 51 1190 1156 1278; baseline 0.003 -23"><span class='ocrx_word' id='word_1_57' title='bbox 51 1195 166 1277; x_wconf 87' lang='lat' dir='ltr'>pictatis</span> <span class='ocrx_word' id='word_1_58' title='bbox 198 1193 317 1258; x_wconf 88' lang='lat' dir='ltr'>confici</span> <span class='ocrx_word' id='word_1_59' title='bbox 347 1202 380 1258; x_wconf 90' lang='lat' dir='ltr'>et</span> <span class='ocrx_word' id='word_1_60' title='bbox 403 1192 457 1256; x_wconf 90' lang='lat' dir='ltr'>edi</span> <span class='ocrx_word' id='word_1_61' title='bbox 489 1201 625 1278; x_wconf 89' lang='lat' dir='ltr'>poterat,</span> <span class='ocrx_word' id='word_1_62' title='bbox 657 1192 746 1278; x_wconf 93' lang='lat' dir='ltr'>quod</span> <span class='ocrx_word' id='word_1_63' title='bbox 777 1202 851 1277; x_wconf 91' lang='lat' dir='ltr'>post</span> <span class='ocrx_word' id='word_1_64' title='bbox 875 1190 1156 1277; x_wconf 81' lang='lat' dir='ltr'>Congrcgationes</span> 
     </span>
     <span class='ocr_line' id='line_1_9' title="bbox 52 1289 1154 1376; baseline 0.005 -24"><span class='ocrx_word' id='word_1_65' title='bbox 52 1289 83 1352; x_wconf 91' lang='lat' dir='ltr'>de</span> <span class='ocrx_word' id='word_1_66' title='bbox 97 1290 240 1356; x_wconf 87' lang='lat' dir='ltr'>Auxiliis</span> <span class='ocrx_word' id='word_1_67' title='bbox 264 1292 405 1355; x_wconf 82' lang='lat' dir='ltr'>vetitum</span> <span class='ocrx_word' id='word_1_68' title='bbox 429 1301 500 1354; x_wconf 88' lang='lat' dir='ltr'>erat</span> <span class='ocrx_word' id='word_1_69' title='bbox 524 1291 565 1355; x_wconf 89' lang='lat' dir='ltr'>dc</span> <span class='ocrx_word' id='word_1_70' title='bbox 588 1291 641 1355; x_wconf 92' lang='lat' dir='ltr'>his</span> <span class='ocrx_word' id='word_1_71' title='bbox 665 1291 811 1354; x_wconf 84' lang='lat' dir='ltr'>materiis</span> <span class='ocrx_word' id='word_1_72' title='bbox 827 1292 949 1376; x_wconf 90' lang='lat' dir='ltr'>scripta</span> <span class='ocrx_word' id='word_1_73' title='bbox 973 1291 1154 1375; x_wconf 80' lang='lat' dir='ltr'>publicare.</span> 
     </span>
     <span class='ocr_line' id='line_1_10' title="bbox 30 1386 1155 1475; baseline 0.004 -25"><span class='ocrx_word' id='word_1_74' title='bbox 30 1386 103 1475; x_wconf 37' lang='lat' dir='ltr'>⁸Sed</span> <span class='ocrx_word' id='word_1_75' title='bbox 126 1411 228 1475; x_wconf 92' lang='lat' dir='ltr'>quum</span> <span class='ocrx_word' id='word_1_76' title='bbox 252 1411 291 1453; x_wconf 89' lang='lat' dir='ltr'>ea</span> <span class='ocrx_word' id='word_1_77' title='bbox 314 1390 426 1474; x_wconf 91' lang='lat' dir='ltr'>opinio</span> <span class='ocrx_word' id='word_1_78' title='bbox 451 1390 562 1452; x_wconf 90' lang='lat' dir='ltr'>animo</span> <span class='ocrx_word' id='word_1_79' title='bbox 586 1388 657 1474; x_wconf 90' lang='lat' dir='ltr'>ejus</span> <span class='ocrx_word' id='word_1_80' title='bbox 685 1387 869 1470; x_wconf 79' lang='lat' dir='ltr'>insedisset,</span> <span class='ocrx_word' id='word_1_81' title='bbox 902 1387 1005 1452; x_wconf 90' lang='lat' dir='ltr'>multa</span> <span class='ocrx_word' id='word_1_82' title='bbox 1035 1391 1070 1453; x_wconf 88' lang='lat' dir='ltr'>in</span> <span class='ocrx_word' id='word_1_83' title='bbox 1094 1390 1155 1454; x_wconf 72' lang='lat' dir='ltr'>Ec-</span> 
     </span>
     <span class='ocr_line' id='line_1_11' title="bbox 49 1485 1155 1571; baseline 0.005 -24"><span class='ocrx_word' id='word_1_84' title='bbox 49 1485 153 1550; x_wconf 90' lang='lat' dir='ltr'>clesiae</span> <span class='ocrx_word' id='word_1_85' title='bbox 178 1487 329 1551; x_wconf 90' lang='lat' dir='ltr'>doctrina</span> <span class='ocrx_word' id='word_1_86' title='bbox 353 1497 386 1550; x_wconf 89' lang='lat' dir='ltr'>ct</span> <span class='ocrx_word' id='word_1_87' title='bbox 409 1486 586 1571; x_wconf 83' lang='lat' dir='ltr'>disciplina</span> <span class='ocrx_word' id='word_1_88' title='bbox 610 1508 679 1550; x_wconf 90' lang='lat' dir='ltr'>esse</span> <span class='ocrx_word' id='word_1_89' title='bbox 696 1496 859 1570; x_wconf 89' lang='lat' dir='ltr'>corrupta,</span> <span class='ocrx_word' id='word_1_90' title='bbox 884 1496 917 1549; x_wconf 93' lang='lat' dir='ltr'>et</span> <span class='ocrx_word' id='word_1_91' title='bbox 939 1488 1155 1552; x_wconf 88' lang='lat' dir='ltr'>restauranda</span> 
     </span>
     <span class='ocr_line' id='line_1_12' title="bbox 23 1583 1155 1671; baseline 0.004 -26"><span class='ocrx_word' id='word_1_92' title='bbox 23 1612 28 1630; x_wconf 50' lang='lat' dir='ltr'>f</span> <span class='ocrx_word' id='word_1_93' title='bbox 49 1606 107 1647; x_wconf 88' lang='lat' dir='ltr'>csse</span> <span class='ocrx_word' id='word_1_94' title='bbox 129 1586 278 1671; x_wconf 88' lang='lat' dir='ltr'>antiqua,</span> <span class='ocrx_word' id='word_1_95' title='bbox 304 1585 428 1648; x_wconf 89' lang='lat' dir='ltr'>Romae</span> <span class='ocrx_word' id='word_1_96' title='bbox 444 1606 523 1648; x_wconf 86' lang='lat' dir='ltr'>vero</span> <span class='ocrx_word' id='word_1_97' title='bbox 539 1605 591 1648; x_wconf 87' lang='lat' dir='ltr'>res</span> <span class='ocrx_word' id='word_1_98' title='bbox 606 1585 661 1667; x_wconf 85' lang='lat' dir='ltr'>agi</span> <span class='ocrx_word' id='word_1_99' title='bbox 678 1583 819 1664; x_wconf 85' lang='lat' dir='ltr'>influxu,</span> <span class='ocrx_word' id='word_1_100' title='bbox 843 1583 970 1666; x_wconf 88' lang='lat' dir='ltr'>fraude,</span> <span class='ocrx_word' id='word_1_101' title='bbox 995 1594 1027 1647; x_wconf 89' lang='lat' dir='ltr'>et</span> <span class='ocrx_word' id='word_1_102' title='bbox 1040 1585 1155 1649; x_wconf 88' lang='lat' dir='ltr'>favore</span> 
     </span>
     <span class='ocr_line' id='line_1_13' title="bbox 48 1681 1156 1767; baseline 0.002 -24"><span class='ocrx_word' id='word_1_103' title='bbox 48 1683 188 1765; x_wconf 89' lang='lat' dir='ltr'>partium,</span> <span class='ocrx_word' id='word_1_104' title='bbox 215 1684 346 1766; x_wconf 85' lang='lat' dir='ltr'>concipi</span> <span class='ocrx_word' id='word_1_105' title='bbox 370 1691 487 1767; x_wconf 88' lang='lat' dir='ltr'>potest,</span> <span class='ocrx_word' id='word_1_106' title='bbox 512 1681 676 1767; x_wconf 90' lang='lat' dir='ltr'>quomodo</span> <span class='ocrx_word' id='word_1_107' title='bbox 694 1683 729 1745; x_wconf 91' lang='lat' dir='ltr'>in</span> <span class='ocrx_word' id='word_1_108' title='bbox 745 1683 869 1766; x_wconf 90' lang='lat' dir='ltr'>coeptis</span> <span class='ocrx_word' id='word_1_109' title='bbox 884 1683 952 1745; x_wconf 86' lang='lat' dir='ltr'>suis</span> <span class='ocrx_word' id='word_1_110' title='bbox 972 1684 1156 1767; x_wconf 81' lang='lat' dir='ltr'>pertinacia</span> 
     </span>
     <span class='ocr_line' id='line_1_14' title="bbox 48 1779 1156 1864; baseline 0.004 -24"><span class='ocrx_word' id='word_1_111' title='bbox 48 1780 178 1862; x_wconf 89' lang='lat' dir='ltr'>quadam</span> <span class='ocrx_word' id='word_1_112' title='bbox 211 1782 416 1864; x_wconf 90' lang='lat' dir='ltr'>processerit,</span> <span class='ocrx_word' id='word_1_113' title='bbox 448 1790 480 1843; x_wconf 94' lang='lat' dir='ltr'>et</span> <span class='ocrx_word' id='word_1_114' title='bbox 510 1779 727 1844; x_wconf 88' lang='lat' dir='ltr'>nihilominus</span> <span class='ocrx_word' id='word_1_115' title='bbox 750 1779 954 1844; x_wconf 86' lang='lat' dir='ltr'>voluntatem</span> <span class='ocrx_word' id='word_1_116' title='bbox 983 1782 1156 1845; x_wconf 84' lang='lat' dir='ltr'>retinuerit</span> 
     </span>
     <span class='ocr_line' id='line_1_15' title="bbox 48 1875 1156 1964; baseline 0.003 -26"><span class='ocrx_word' id='word_1_117' title='bbox 48 1876 149 1942; x_wconf 86' lang='lat' dir='ltr'>ultimo</span> <span class='ocrx_word' id='word_1_118' title='bbox 169 1878 301 1964; x_wconf 91' lang='lat' dir='ltr'>judicio</span> <span class='ocrx_word' id='word_1_119' title='bbox 318 1876 352 1942; x_wconf 81' lang='lat' dir='ltr'>S.</span> <span class='ocrx_word' id='word_1_120' title='bbox 369 1877 464 1944; x_wconf 84' lang='lat' dir='ltr'>Sedis</span> <span class='ocrx_word' id='word_1_121' title='bbox 488 1899 522 1940; x_wconf 92' lang='lat' dir='ltr'>se</span> <span class='ocrx_word' id='word_1_122' title='bbox 550 1875 777 1942; x_wconf 89' lang='lat' dir='ltr'>submittendi.</span> <span class='ocrx_word' id='word_1_123' title='bbox 791 1877 1020 1962; x_wconf 81' lang='lat' dir='ltr'>—Ejusmodi</span> <span class='ocrx_word' id='word_1_124' title='bbox 1044 1887 1156 1942; x_wconf 89' lang='lat' dir='ltr'>tamen</span> 
     </span>
     <span class='ocr_line' id='line_1_16' title="bbox 47 1972 1156 2061; baseline 0.005 -28"><span class='ocrx_word' id='word_1_125' title='bbox 47 1976 109 2056; x_wconf 87' lang='lat' dir='ltr'>viri,</span> <span class='ocrx_word' id='word_1_126' title='bbox 139 1978 188 2039; x_wconf 90' lang='lat' dir='ltr'>uti</span> <span class='ocrx_word' id='word_1_127' title='bbox 214 1985 328 2061; x_wconf 82' lang='lat' dir='ltr'>postea</span> <span class='ocrx_word' id='word_1_128' title='bbox 352 1977 468 2060; x_wconf 89' lang='lat' dir='ltr'>patuit,</span> <span class='ocrx_word' id='word_1_129' title='bbox 501 1977 608 2059; x_wconf 87' lang='lat' dir='ltr'>ipsam</span> <span class='ocrx_word' id='word_1_130' title='bbox 632 1973 670 2059; x_wconf 83' lang='lat' dir='ltr'>S,</span> <span class='ocrx_word' id='word_1_131' title='bbox 690 1972 785 2039; x_wconf 87' lang='lat' dir='ltr'>Sedis</span> <span class='ocrx_word' id='word_1_132' title='bbox 815 1977 1023 2057; x_wconf 88' lang='lat' dir='ltr'>sententiam,</span> <span class='ocrx_word' id='word_1_133' title='bbox 1054 1985 1092 2038; x_wconf 91' lang='lat' dir='ltr'>ut</span> <span class='ocrx_word' id='word_1_134' title='bbox 1114 1978 1156 2039; x_wconf 90' lang='lat' dir='ltr'>sit</span> 
     </span>
     <span class='ocr_line' id='line_1_17' title="bbox 45 2071 1155 2156; baseline 0.006 -24"><span class='ocrx_word' id='word_1_135' title='bbox 45 2071 209 2138; x_wconf 86' lang='lat' dir='ltr'>infallibile</span> <span class='ocrx_word' id='word_1_136' title='bbox 233 2073 310 2137; x_wconf 91' lang='lat' dir='ltr'>fidei</span> <span class='ocrx_word' id='word_1_137' title='bbox 332 2072 511 2154; x_wconf 88' lang='lat' dir='ltr'>decretum,</span> <span class='ocrx_word' id='word_1_138' title='bbox 537 2093 635 2156; x_wconf 88' lang='lat' dir='ltr'>saepe</span> <span class='ocrx_word' id='word_1_139' title='bbox 658 2081 707 2135; x_wconf 91' lang='lat' dir='ltr'>tot</span> <span class='ocrx_word' id='word_1_140' title='bbox 730 2071 977 2136; x_wconf 89' lang='lat' dir='ltr'>conditionibus</span> <span class='ocrx_word' id='word_1_141' title='bbox 1000 2076 1155 2139; x_wconf 88' lang='lat' dir='ltr'>vestitam</span> 
     </span>
     <span class='ocr_line' id='line_1_18' title="bbox 45 2169 1154 2253; baseline 0.006 -25"><span class='ocrx_word' id='word_1_142' title='bbox 45 2170 202 2253; x_wconf 87' lang='lat' dir='ltr'>volebant,</span> <span class='ocrx_word' id='word_1_143' title='bbox 234 2180 266 2234; x_wconf 90' lang='lat' dir='ltr'>et</span> <span class='ocrx_word' id='word_1_144' title='bbox 293 2181 362 2234; x_wconf 88' lang='lat' dir='ltr'>tam</span> <span class='ocrx_word' id='word_1_145' title='bbox 385 2171 541 2235; x_wconf 89' lang='lat' dir='ltr'>foecundi</span> <span class='ocrx_word' id='word_1_146' title='bbox 566 2179 659 2233; x_wconf 90' lang='lat' dir='ltr'>erant</span> <span class='ocrx_word' id='word_1_147' title='bbox 682 2171 717 2233; x_wconf 91' lang='lat' dir='ltr'>in</span> <span class='ocrx_word' id='word_1_148' title='bbox 741 2169 997 2239; x_wconf 86' lang='lat' dir='ltr'>adinveniendis</span> <span class='ocrx_word' id='word_1_149' title='bbox 1022 2170 1154 2235; x_wconf 89' lang='lat' dir='ltr'>cavilla·</span> 
     </span>
     <span class='ocr_line' id='line_1_19' title="bbox 43 2269 868 2353; baseline 0.002 -23"><span class='ocrx_word' id='word_1_150' title='bbox 43 2269 188 2351; x_wconf 87' lang='lat' dir='ltr'>tionibus,</span> <span class='ocrx_word' id='word_1_151' title='bbox 214 2279 252 2332; x_wconf 91' lang='lat' dir='ltr'>ut</span> <span class='ocrx_word' id='word_1_152' title='bbox 274 2290 404 2353; x_wconf 88' lang='lat' dir='ltr'>semper</span> <span class='ocrx_word' id='word_1_153' title='bbox 426 2269 506 2351; x_wconf 87' lang='lat' dir='ltr'>fuga</span> <span class='ocrx_word' id='word_1_154' title='bbox 529 2269 610 2353; x_wconf 89' lang='lat' dir='ltr'>ipsis</span> <span class='ocrx_word' id='word_1_155' title='bbox 634 2277 719 2332; x_wconf 89' lang='lat' dir='ltr'>esset</span> <span class='ocrx_word' id='word_1_156' title='bbox 742 2278 868 2352; x_wconf 87' lang='lat' dir='ltr'>parata.</span> 
     </span>
    </p>
   </div>
   <div class='ocr_carea' id='block_1_3' title="bbox 120 2375 1310 2459">
    <p class='ocr_par' dir='ltr' id='par_1_3' title="bbox 120 2375 1310 2459">
     <span class='ocr_line' id='line_1_20' title="bbox 120 2375 1310 2459; baseline -0.004 -18"><span class='ocrx_word' id='word_1_157' title='bbox 120 2375 174 2441; x_wconf 79' lang='lat'>30.</span> <span class='ocrx_word' id='word_1_158' title='bbox 224 2375 383 2440; x_wconf 76' lang='lat' dir='ltr'>dansenio</span> <span class='ocrx_word' id='word_1_159' title='bbox 423 2375 578 2439; x_wconf 86' lang='lat' dir='ltr'>defuncto</span> <span class='ocrx_word' id='word_1_160' title='bbox 618 2394 697 2437; x_wconf 85' lang='lat' dir='ltr'>mox</span> <span class='ocrx_word' id='word_1_161' title='bbox 735 2396 770 2438; x_wconf 91' lang='lat' dir='ltr'>se</span> <span class='ocrx_word' id='word_1_162' title='bbox 809 2376 900 2459; x_wconf 90' lang='lat' dir='ltr'>operi</span> <span class='ocrx_word' id='word_1_163' title='bbox 936 2376 1155 2439; x_wconf 85' lang='lat' dir='ltr'>accinxerunt</span> <span class='ocrx_word' id='word_1_164' title='bbox 1173 2375 1310 2428; x_wconf 51' lang='lat' dir='ltr'>Aulum</span> 
     </span>
    </p>
   </div>
   <div class='ocr_carea' id='block_1_4' title="bbox 38 2471 1159 3731">
    <p class='ocr_par' dir='ltr' id='par_1_4' title="bbox 38 2471 1159 3731">
     <span class='ocr_line' id='line_1_21' title="bbox 43 2471 1155 2559; baseline 0.004 -25"><span class='ocrx_word' id='word_1_165' title='bbox 43 2473 233 2559; x_wconf 74' lang='lat' dir='ltr'>chiauldae</span> <span class='ocrx_word' id='word_1_166' title='bbox 262 2475 418 2537; x_wconf 75' lang='lat' dir='ltr'>Lamaeru</span> <span class='ocrx_word' id='word_1_167' title='bbox 455 2475 559 2558; x_wconf 90' lang='lat' dir='ltr'>ipsius</span> <span class='ocrx_word' id='word_1_168' title='bbox 594 2471 800 2557; x_wconf 84' lang='lat' dir='ltr'>capellanus,</span> <span class='ocrx_word' id='word_1_169' title='bbox 848 2474 903 2558; x_wconf 92' lang='lat' dir='ltr'>qui</span> <span class='ocrx_word' id='word_1_170' title='bbox 943 2476 1155 2538; x_wconf 88' lang='lat' dir='ltr'>amanuensis</span> 
     </span>
     <span class='ocr_line' id='line_1_22' title="bbox 42 2569 1154 2651; baseline 0.004 -20"><span class='ocrx_word' id='word_1_171' title='bbox 42 2569 137 2635; x_wconf 87' lang='lat' dir='ltr'>luerat</span> <span class='ocrx_word' id='word_1_172' title='bbox 176 2581 212 2634; x_wconf 90' lang='lat' dir='ltr'>et</span> <span class='ocrx_word' id='word_1_173' title='bbox 248 2572 438 2635; x_wconf 88' lang='lat' dir='ltr'>chartarum</span> <span class='ocrx_word' id='word_1_174' title='bbox 478 2579 651 2651; x_wconf 89' lang='lat' dir='ltr'>corrector,</span> <span class='ocrx_word' id='word_1_175' title='bbox 692 2571 850 2635; x_wconf 82' lang='lat' dir='ltr'>Hearicas</span> <span class='ocrx_word' id='word_1_176' title='bbox 876 2569 1012 2636; x_wconf 73' lang='lat' dir='ltr'>Calama</span> <span class='ocrx_word' id='word_1_177' title='bbox 1050 2571 1154 2635; x_wconf 90' lang='lat' dir='ltr'>archi·</span> 
     </span>
     <span class='ocr_line' id='line_1_23' title="bbox 42 2667 1156 2754; baseline 0.001 -22"><span class='ocrx_word' id='word_1_178' title='bbox 42 2669 207 2754; x_wconf 86' lang='lat' dir='ltr'>presbyter</span> <span class='ocrx_word' id='word_1_179' title='bbox 242 2667 468 2733; x_wconf 87' lang='lat' dir='ltr'>Bruxellensis</span> <span class='ocrx_word' id='word_1_180' title='bbox 513 2677 546 2731; x_wconf 90' lang='lat' dir='ltr'>et</span> <span class='ocrx_word' id='word_1_181' title='bbox 584 2667 833 2732; x_wconf 89' lang='lat' dir='ltr'>Mechliniensis</span> <span class='ocrx_word' id='word_1_182' title='bbox 879 2669 1069 2750; x_wconf 80' lang='lat' dir='ltr'>cononicus,</span> <span class='ocrx_word' id='word_1_183' title='bbox 1115 2691 1156 2734; x_wconf 88' lang='lat' dir='ltr'>ac</span> 
     </span>
     <span class='ocr_line' id='line_1_24' title="bbox 43 2765 1155 2851; baseline 0.002 -23"><span class='ocrx_word' id='word_1_184' title='bbox 43 2766 178 2831; x_wconf 79' lang='lat' dir='ltr'>Libertas</span> <span class='ocrx_word' id='word_1_185' title='bbox 204 2766 401 2830; x_wconf 79' lang='lat' dir='ltr'>Fromoadar</span> <span class='ocrx_word' id='word_1_186' title='bbox 431 2766 600 2830; x_wconf 84' lang='lat' dir='ltr'>Professor</span> <span class='ocrx_word' id='word_1_187' title='bbox 623 2766 858 2841; x_wconf 79' lang='lat' dir='ltr'>Lovaniensis3</span> <span class='ocrx_word' id='word_1_188' title='bbox 890 2774 988 2851; x_wconf 89' lang='lat' dir='ltr'>atque</span> <span class='ocrx_word' id='word_1_189' title='bbox 1019 2765 1155 2830; x_wconf 87' lang='lat' dir='ltr'>biennio</span> 
     </span>
     <span class='ocr_line' id='line_1_25' title="bbox 41 2862 1156 2947; baseline 0.002 -21"><span class='ocrx_word' id='word_1_190' title='bbox 41 2876 105 2947; x_wconf 89' lang='lat' dir='ltr'>post</span> <span class='ocrx_word' id='word_1_191' title='bbox 128 2874 270 2928; x_wconf 90' lang='lat' dir='ltr'>mortem</span> <span class='ocrx_word' id='word_1_192' title='bbox 294 2865 438 2928; x_wconf 88' lang='lat' dir='ltr'>auctoris</span> <span class='ocrx_word' id='word_1_193' title='bbox 473 2886 503 2927; x_wconf 91' lang='lat' dir='ltr'>a.</span> <span class='ocrx_word' id='word_1_194' title='bbox 530 2863 616 2928; x_wconf 88' lang='grc'>1640</span> <span class='ocrx_word' id='word_1_195' title='bbox 653 2863 810 2927; x_wconf 90' lang='lat' dir='ltr'>volumen</span> <span class='ocrx_word' id='word_1_196' title='bbox 845 2862 910 2926; x_wconf 90' lang='lat' dir='ltr'>sibi</span> <span class='ocrx_word' id='word_1_197' title='bbox 943 2865 1156 2928; x_wconf 91' lang='lat' dir='ltr'>commissum</span> 
     </span>
     <span class='ocr_line' id='line_1_26' title="bbox 40 2959 1155 3048; baseline 0.003 -25"><span class='ocrx_word' id='word_1_198' title='bbox 40 2961 189 3043; x_wconf 90' lang='lat' dir='ltr'>publicae</span> <span class='ocrx_word' id='word_1_199' title='bbox 213 2960 279 3025; x_wconf 90' lang='lat' dir='ltr'>luci</span> <span class='ocrx_word' id='word_1_200' title='bbox 315 2983 507 3046; x_wconf 86' lang='lat' dir='ltr'>exposuere.</span> <span class='ocrx_word' id='word_1_201' title='bbox 555 2959 764 3025; x_wconf 84' lang='lat' dir='ltr'>Studuerunt</span> <span class='ocrx_word' id='word_1_202' title='bbox 793 2982 855 3046; x_wconf 85' lang='lat' dir='ltr'>per</span> <span class='ocrx_word' id='word_1_203' title='bbox 876 2961 1038 3045; x_wconf 85' lang='lat' dir='ltr'>Zegerum</span> <span class='ocrx_word' id='word_1_204' title='bbox 1062 2971 1155 3048; x_wconf 79' lang='lat' dir='ltr'>typo</span> 
     </span>
     <span class='ocr_line' id='line_1_27' title="bbox 39 3058 1156 3144; baseline 0.002 -22"><span class='ocrx_word' id='word_1_205' title='bbox 39 3059 199 3144; x_wconf 80' lang='lat' dir='ltr'>graphum</span> <span class='ocrx_word' id='word_1_206' title='bbox 214 3059 460 3123; x_wconf 87' lang='lat' dir='ltr'>Lovaniensem</span> <span class='ocrx_word' id='word_1_207' title='bbox 483 3058 569 3122; x_wconf 88' lang='lat' dir='ltr'>clam</span> <span class='ocrx_word' id='word_1_208' title='bbox 595 3080 678 3144; x_wconf 89' lang='lat' dir='ltr'>opus</span> <span class='ocrx_word' id='word_1_209' title='bbox 700 3061 908 3144; x_wconf 87' lang='lat' dir='ltr'>imprimere;</span> <span class='ocrx_word' id='word_1_210' title='bbox 932 3068 1079 3124; x_wconf 88' lang='lat' dir='ltr'>attamen</span> <span class='ocrx_word' id='word_1_211' title='bbox 1103 3083 1156 3124; x_wconf 89' lang='lat' dir='ltr'>res</span> 
     </span>
     <span class='ocr_line' id='line_1_28' title="bbox 39 3156 1157 3238; baseline 0.004 -21"><span class='ocrx_word' id='word_1_212' title='bbox 39 3156 178 3220; x_wconf 89' lang='lat' dir='ltr'>innotuit</span> <span class='ocrx_word' id='word_1_213' title='bbox 189 3157 254 3221; x_wconf 90' lang='grc' dir='ltr'>ΡΡ.</span> <span class='ocrx_word' id='word_1_214' title='bbox 265 3157 287 3221; x_wconf 86' lang='lat' dir='ltr'>J</span> <span class='ocrx_word' id='word_1_215' title='bbox 290 3159 413 3238; x_wconf 77' lang='lat' dir='ltr'>eruitis,</span> <span class='ocrx_word' id='word_1_216' title='bbox 438 3178 477 3219; x_wconf 86' lang='lat' dir='ltr'>ac</span> <span class='ocrx_word' id='word_1_217' title='bbox 491 3177 569 3219; x_wconf 84' lang='lat' dir='ltr'>mox</span> <span class='ocrx_word' id='word_1_218' title='bbox 581 3157 804 3220; x_wconf 88' lang='lat' dir='ltr'>internuntius</span> <span class='ocrx_word' id='word_1_219' title='bbox 814 3156 1000 3220; x_wconf 86' lang='lat' dir='ltr'>Richardus</span> <span class='ocrx_word' id='word_1_220' title='bbox 1011 3157 1157 3222; x_wconf 86' lang='lat' dir='ltr'>Aravius</span> 
     </span>
     <span class='ocr_line' id='line_1_29' title="bbox 39 3253 1158 3338; baseline 0.003 -22"><span class='ocrx_word' id='word_1_221' title='bbox 39 3255 289 3319; x_wconf 85' lang='lat' dir='ltr'>archidiaconus</span> <span class='ocrx_word' id='word_1_222' title='bbox 313 3253 572 3336; x_wconf 78' lang='lat' dir='ltr'>Cameracensis,</span> <span class='ocrx_word' id='word_1_223' title='bbox 604 3253 693 3338; x_wconf 91' lang='lat' dir='ltr'>apud</span> <span class='ocrx_word' id='word_1_224' title='bbox 723 3254 897 3318; x_wconf 85' lang='lat' dir='ltr'>Rectorem</span> <span class='ocrx_word' id='word_1_225' title='bbox 923 3253 1158 3319; x_wconf 86' lang='lat' dir='ltr'>Universitatis</span> 
     </span>
     <span class='ocr_line' id='line_1_30' title="bbox 39 3351 1155 3437; baseline 0.002 -23"><span class='ocrx_word' id='word_1_226' title='bbox 39 3352 162 3435; x_wconf 87' lang='lat' dir='ltr'>institit,</span> <span class='ocrx_word' id='word_1_227' title='bbox 188 3361 225 3416; x_wconf 90' lang='lat' dir='ltr'>ut</span> <span class='ocrx_word' id='word_1_228' title='bbox 248 3353 349 3416; x_wconf 88' lang='lat' dir='ltr'>editio</span> <span class='ocrx_word' id='word_1_229' title='bbox 374 3351 590 3417; x_wconf 86' lang='lat' dir='ltr'>inhiberetur.</span> <span class='ocrx_word' id='word_1_230' title='bbox 631 3352 697 3415; x_wconf 91' lang='lat' dir='ltr'>Hic</span> <span class='ocrx_word' id='word_1_231' title='bbox 721 3351 965 3433; x_wconf 87' lang='lat' dir='ltr'>inhibitionem,</span> <span class='ocrx_word' id='word_1_232' title='bbox 991 3352 1080 3437; x_wconf 93' lang='lat' dir='ltr'>quod</span> <span class='ocrx_word' id='word_1_233' title='bbox 1104 3354 1155 3416; x_wconf 92' lang='lat' dir='ltr'>sui</span> 
     </span>
     <span class='ocr_line' id='line_1_31' title="bbox 39 3449 1158 3535; baseline 0.001 -22"><span class='ocrx_word' id='word_1_234' title='bbox 39 3452 182 3515; x_wconf 81' lang='lat' dir='ltr'>muneris</span> <span class='ocrx_word' id='word_1_235' title='bbox 205 3472 273 3514; x_wconf 90' lang='lat' dir='ltr'>non</span> <span class='ocrx_word' id='word_1_236' title='bbox 297 3461 382 3515; x_wconf 86' lang='lat' dir='ltr'>essct</span> <span class='ocrx_word' id='word_1_237' title='bbox 405 3449 595 3530; x_wconf 86' lang='lat' dir='ltr'>declinavit,</span> <span class='ocrx_word' id='word_1_238' title='bbox 627 3460 660 3514; x_wconf 90' lang='lat' dir='ltr'>et</span> <span class='ocrx_word' id='word_1_239' title='bbox 690 3451 843 3535; x_wconf 91' lang='lat' dir='ltr'>quamvis</span> <span class='ocrx_word' id='word_1_240' title='bbox 868 3449 960 3513; x_wconf 88' lang='lat' dir='ltr'>brevi</span> <span class='ocrx_word' id='word_1_241' title='bbox 986 3459 1058 3534; x_wconf 87' lang='lat' dir='ltr'>post</span> <span class='ocrx_word' id='word_1_242' title='bbox 1086 3451 1158 3535; x_wconf 88' lang='lat' dir='ltr'>ipse</span> 
     </span>
     <span class='ocr_line' id='line_1_32' title="bbox 38 3545 1156 3633; baseline 0.001 -24"><span class='ocrx_word' id='word_1_243' title='bbox 38 3547 190 3612; x_wconf 85' lang='lat' dir='ltr'>Pontifex</span> <span class='ocrx_word' id='word_1_244' title='bbox 213 3548 369 3613; x_wconf 86' lang='lat' dir='ltr'>Urbanus</span> <span class='ocrx_word' id='word_1_245' title='bbox 386 3549 474 3611; x_wconf 91' lang='lat' dir='ltr'>VIII</span> <span class='ocrx_word' id='word_1_246' title='bbox 497 3570 557 3633; x_wconf 92' lang='lat' dir='ltr'>per</span> <span class='ocrx_word' id='word_1_247' title='bbox 581 3545 791 3611; x_wconf 84' lang='lat' dir='ltr'>Cardinalem</span> <span class='ocrx_word' id='word_1_248' title='bbox 815 3546 1034 3610; x_wconf 89' lang='lat' dir='ltr'>Barberinum</span> <span class='ocrx_word' id='word_1_249' title='bbox 1060 3547 1156 3611; x_wconf 81' lang='lat' dir='ltr'>vebe</span> 
     </span>
     <span class='ocr_line' id='line_1_33' title="bbox 40 3644 1159 3731; baseline 0 -23"><span class='ocrx_word' id='word_1_250' title='bbox 40 3648 178 3709; x_wconf 86' lang='lat' dir='ltr'>mentius</span> <span class='ocrx_word' id='word_1_251' title='bbox 202 3647 349 3727; x_wconf 85' lang='lat' dir='ltr'>instaret,</span> <span class='ocrx_word' id='word_1_252' title='bbox 374 3668 416 3710; x_wconf 89' lang='lat' dir='ltr'>ne</span> <span class='ocrx_word' id='word_1_253' title='bbox 440 3667 523 3730; x_wconf 89' lang='lat' dir='ltr'>opus</span> <span class='ocrx_word' id='word_1_254' title='bbox 546 3644 780 3730; x_wconf 73' lang='lat' dir='ltr'>publicaretur,</span> <span class='ocrx_word' id='word_1_255' title='bbox 806 3655 918 3708; x_wconf 87' lang='lat' dir='ltr'>tamen</span> <span class='ocrx_word' id='word_1_256' title='bbox 942 3644 989 3708; x_wconf 94' lang='lat' dir='ltr'>illi</span> <span class='ocrx_word' id='word_1_257' title='bbox 1013 3645 1057 3709; x_wconf 88' lang='lat' dir='ltr'>ad</span> <span class='ocrx_word' id='word_1_258' title='bbox 1074 3667 1159 3731; x_wconf 89' lang='lat' dir='ltr'>quos</span> 
     </span>
    </p>
   </div>
   <div class='ocr_carea' id='block_1_5' title="bbox 37 3918 1158 4381">
    <p class='ocr_par' dir='ltr' id='par_1_5' title="bbox 37 3918 1158 4381">
     <span class='ocr_line' id='line_1_34' title="bbox 107 3918 1157 3992; baseline -0.003 -16"><span class='ocrx_word' id='word_1_259' title='bbox 107 3922 131 3992; x_wconf 78' lang='lat'>¹)</span> <span class='ocrx_word' id='word_1_260' title='bbox 150 3921 329 3990; x_wconf 79' lang='lat' dir='ltr'>Augustinus,</span> <span class='ocrx_word' id='word_1_261' title='bbox 347 3920 378 3976; x_wconf 84' lang='lat' dir='ltr'>T.</span> <span class='ocrx_word' id='word_1_262' title='bbox 393 3920 443 3972; x_wconf 80' lang='lat' dir='ltr'>III</span> <span class='ocrx_word' id='word_1_263' title='bbox 463 3919 537 3976; x_wconf 76' lang='lat' dir='ltr'>LX</span> <span class='ocrx_word' id='word_1_264' title='bbox 557 3919 688 3987; x_wconf 80' lang='lat' dir='ltr'>Epilogus</span> <span class='ocrx_word' id='word_1_265' title='bbox 701 3918 827 3976; x_wconf 81' lang='lat' dir='ltr'>omnium</span> <span class='ocrx_word' id='word_1_266' title='bbox 846 3948 881 3959; x_wconf 92' lang='lat'><em>-</em></span> <span class='ocrx_word' id='word_1_267' title='bbox 899 3918 1035 3973; x_wconf 83' lang='lat' dir='ltr'>Referunt</span> <span class='ocrx_word' id='word_1_268' title='bbox 1047 3918 1157 3985; x_wconf 88' lang='lat' dir='ltr'>quidam</span> 
     </span>
     <span class='ocr_line' id='line_1_35' title="bbox 38 3997 1155 4069; baseline 0.004 -17"><span class='ocrx_word' id='word_1_269' title='bbox 38 4008 164 4068; x_wconf 81' lang='lat' dir='ltr'>auctores,</span> <span class='ocrx_word' id='word_1_270' title='bbox 183 4002 227 4056; x_wconf 82' lang='lat' dir='ltr'>sti</span> <span class='ocrx_word' id='word_1_271' title='bbox 244 4000 336 4055; x_wconf 84' lang='lat' dir='ltr'>Fcllcr</span> <span class='ocrx_word' id='word_1_272' title='bbox 354 3998 500 4063; x_wconf 51' lang='lat' dir='ltr'>‹Dictionn</span> <span class='ocrx_word' id='word_1_273' title='bbox 519 3999 606 4068; x_wconf 81' lang='lat' dir='ltr'>biogr.</span> <span class='ocrx_word' id='word_1_274' title='bbox 626 4003 677 4053; x_wconf 88' lang='lat' dir='ltr'>art.</span> <span class='ocrx_word' id='word_1_275' title='bbox 691 3997 850 4069; x_wconf 84' lang='lat' dir='ltr'>Jansenius)</span> <span class='ocrx_word' id='word_1_276' title='bbox 870 4006 898 4052; x_wconf 90' lang='lat' dir='ltr'>et</span> <span class='ocrx_word' id='word_1_277' title='bbox 916 3997 1089 4052; x_wconf 83' lang='lat' dir='ltr'>Bohrbacher</span> <span class='ocrx_word' id='word_1_278' title='bbox 1108 3998 1155 4069; x_wconf 72' lang='lat' dir='ltr'>(IL</span> 
     </span>
     <span class='ocr_line' id='line_1_36' title="bbox 37 4078 1158 4151; baseline 0 -19"><span class='ocrx_word' id='word_1_279' title='bbox 37 4079 65 4136; x_wconf 81' lang='grc' dir='ltr'>Ε,</span> <span class='ocrx_word' id='word_1_280' title='bbox 84 4081 115 4138; x_wconf 87' lang='lat' dir='ltr'>L.</span> <span class='ocrx_word' id='word_1_281' title='bbox 135 4083 189 4151; x_wconf 82' lang='grc'>87),</span> <span class='ocrx_word' id='word_1_282' title='bbox 212 4080 371 4136; x_wconf 83' lang='lat' dir='ltr'>Jansenium</span> <span class='ocrx_word' id='word_1_283' title='bbox 390 4078 466 4133; x_wconf 76' lang='lat' dir='ltr'>breui</span> <span class='ocrx_word' id='word_1_284' title='bbox 485 4086 550 4134; x_wconf 86' lang='lat' dir='ltr'>ante</span> <span class='ocrx_word' id='word_1_285' title='bbox 568 4084 682 4133; x_wconf 84' lang='lat' dir='ltr'>mortem</span> <span class='ocrx_word' id='word_1_286' title='bbox 701 4079 784 4133; x_wconf 84' lang='lat' dir='ltr'>etiam</span> <span class='ocrx_word' id='word_1_287' title='bbox 808 4078 951 4145; x_wconf 86' lang='lat' dir='ltr'>epistolam</span> <span class='ocrx_word' id='word_1_288' title='bbox 970 4078 1158 4133; x_wconf 83' lang='lat' dir='ltr'>submissionis</span> 
     </span>
     <span class='ocr_line' id='line_1_37' title="bbox 38 4158 1157 4230; baseline 0.002 -17"><span class='ocrx_word' id='word_1_289' title='bbox 38 4161 69 4213; x_wconf 81' lang='lat' dir='ltr'>ad</span> <span class='ocrx_word' id='word_1_290' title='bbox 87 4162 225 4221; x_wconf 70' lang='lat' dir='ltr'>Urbanum</span> <span class='ocrx_word' id='word_1_291' title='bbox 242 4161 313 4217; x_wconf 88' lang='lat' dir='ltr'>VIH</span> <span class='ocrx_word' id='word_1_292' title='bbox 331 4161 476 4230; x_wconf 82' lang='lat' dir='ltr'>scripsisse.</span> <span class='ocrx_word' id='word_1_293' title='bbox 513 4161 565 4216; x_wconf 83' lang='lat' dir='ltr'>Scd</span> <span class='ocrx_word' id='word_1_294' title='bbox 584 4160 686 4219; x_wconf 82' lang='lat' dir='ltr'>lactum</span> <span class='ocrx_word' id='word_1_295' title='bbox 704 4159 754 4213; x_wconf 85' lang='lat' dir='ltr'>hoc</span> <span class='ocrx_word' id='word_1_296' title='bbox 771 4173 866 4214; x_wconf 83' lang='lat' dir='ltr'>rerum</span> <span class='ocrx_word' id='word_1_297' title='bbox 890 4174 945 4212; x_wconf 92' lang='lat' dir='ltr'>non</span> <span class='ocrx_word' id='word_1_298' title='bbox 962 4174 1020 4214; x_wconf 86' lang='lat' dir='ltr'>osse</span> <span class='ocrx_word' id='word_1_299' title='bbox 1038 4158 1157 4215; x_wconf 84' lang='lat' dir='ltr'>videtur.</span> 
     </span>
     <span class='ocr_line' id='line_1_38' title="bbox 39 4239 567 4311; baseline 0.011 -20"><span class='ocrx_word' id='word_1_300' title='bbox 39 4239 91 4293; x_wconf 80' lang='lat' dir='ltr'>Cfr.</span> <span class='ocrx_word' id='word_1_301' title='bbox 110 4241 381 4311; x_wconf 85' lang='lat' dir='ltr'>Vandsnpeercboom</span> <span class='ocrx_word' id='word_1_302' title='bbox 399 4241 418 4296; x_wconf 79' lang='lat'>1.</span> <span class='ocrx_word' id='word_1_303' title='bbox 437 4257 458 4294; x_wconf 92' lang='lat' dir='ltr'>c.</span> <span class='ocrx_word' id='word_1_304' title='bbox 479 4256 504 4309; x_wconf 86' lang='lat' dir='ltr'>p.</span> <span class='ocrx_word' id='word_1_305' title='bbox 524 4243 567 4298; x_wconf 82' lang='lat'>62.</span> 
     </span>
     <span class='ocr_line' id='line_1_39' title="bbox 948 4327 995 4381; baseline 0.021 -1"><span class='ocrx_word' id='word_1_306' title='bbox 948 4327 995 4381; x_wconf 90' lang='grc'>16*</span> 
     </span>
    </p>
   </div>
   <div class='ocr_carea' id='block_1_6' title="bbox 1173 2441 1310 2492">
    <p class='ocr_par' dir='ltr' id='par_1_6' title="bbox 1173 2441 1310 2492">
     <span class='ocr_line' id='line_1_40' title="bbox 1173 2441 1310 2492; baseline 0.015 -12"><span class='ocrx_word' id='word_1_307' title='bbox 1173 2441 1310 2492; x_wconf 80' lang='lat' dir='ltr'>publicatur.</span> 
     </span>
    </p>
   </div>
   <div class='ocr_carea' id='block_1_7' title="bbox 0 0 1672 4908">
    <p class='ocr_par' dir='ltr' id='par_1_7' title="bbox 0 0 1672 4908">
     <span class='ocr_line' id='line_1_41' title="bbox 0 0 1672 4908; baseline 0 5"><span class='ocrx_word' id='word_1_308' title='bbox 0 0 1672 4908; x_wconf 95' lang='lat' dir='ltr'> </span> 
     </span>
    </p>
   </div>
   <div class='ocr_carea' id='block_1_8' title="bbox 1605 2109 1609 2669">
    <p class='ocr_par' dir='ltr' id='par_1_8' title="bbox 1605 2109 1609 2669">
     <span class='ocr_line' id='line_1_42' title="bbox 1605 2109 1609 2669; baseline 0 0"><span class='ocrx_word' id='word_1_309' title='bbox 1605 2109 1609 2669; x_wconf 95' lang='lat' dir='ltr'> </span> 
     </span>
    </p>
   </div>
  </div>
 </body>
</html>
