2964 4912
314 491 368 544 290
710 487 767 542 XL.
806 488 845 541 De
862 487 1040 546 Janseniemo.
1466 457 1467 534 l

172 640 283 712 imun-
406 633 457 697 78.
504 634 585 696 Post
615 632 686 718 ejus
719 641 856 696 mortem
890 633 1024 696 comitia
1048 642 1182 716 propter
1207 631 1419 697 Cardinalium

145 700 301 806 ciffiliir
315 729 515 796 discordiam
531 738 695 814 protracta
713 738 789 792 sunt
805 729 967 815 usquead
984 728 1073 792 diem
1092 731 1174 794 12¹¹¹¹¹
1189 730 1274 796 11111
1291 755 1319 797 1.
1338 731 1418 811 1691,

315 853 380 916 qua
419 830 486 904 die,
511 828 666 892 Pontifex
709 828 918 890 renuntiatus
957 835 1005 890 eet
1043 826 1211 892 Antonius
1250 828 1421 893 0111111111

314 927 489 1014 Pignatelli
513 926 783 1011 archiepiscopus
806 924 1045 1010 Neapolitanus
1070 928 1115 1007 (n.
1141 925 1253 1008 1615),
1294 929 1349 1012 qui
1371 927 1421 990 snb

314 1026 492 1092 Innocentii
522 1025 593 1088 XII
624 1025 758 1087 nomine
792 1022 979 1086 Ecclesiam
1018 1022 1220 1105 gubernavit
1254 1047 1358 1110 usque
1389 1025 1422 1087 ad
1467 1067 1468 1072 κ

314 1147 439 1192 annum
465 1123 562 1186 1700.
608 1121 640 1184 11
670 1142 761 1206 spem
793 1142 893 1206 quam
926 1119 967 1183 de
997 1141 1033 1183 se
1056 1121 1127 1206 ipso
1152 1123 1324 1204 excitarat,
1356 1122 1423 1185 dum

315 1221 405 1308 apud
421 1221 658 1306 Imperatorem
682 1229 715 1282 et
737 1241 831 1303 reges
846 1219 963 1282 Nuntii
981 1217 1165 1303 Apostolici
1188 1220 1300 1284 officio
1324 1220 1424 1303 lunge·

315 1322 422 1401 batur,
469 1341 560 1382 nunc
589 1338 738 1381 summae
770 1317 940 1402 potestatis
970 1318 1137 1401 particeps
1176 1317 1425 1382 cumulatissime

316 1418 476 1504 implevit.
507 1415 835 1480 Beneficentissimus
852 1414 914 1477 fuit
939 1415 973 1476 in
988 1436 1161 1499 pauperes.
1194 1414 1425 1480 Constitutione

317 1520 495 1582 Romanum
525 1513 611 1576 decet
637 1511 816 1594 Pontificem
848 1513 1070 1597 nepotismum
1094 1534 1114 1575 a
1139 1511 1240 1576 Curia
1269 1513 1426 1598 pontificia

317 1613 517 1700 proscripsit,
542 1611 689 1674 districte
707 1608 896 1694 prohibens,
922 1632 964 1672 ne
978 1609 1179 1674 Pontificum
1200 1612 1426 1695 consanguinei

316 1711 487 1778 Ecclesiae
523 1709 620 1772 bonis
658 1706 854 1772 ditarentur.
906 1706 1000 1771 Alias
1039 1707 1149 1792 plures
1180 1707 1427 1773 Constitutiones

317 1809 432 1889 edidit,
457 1818 526 1871 tum
551 1806 594 1870 ad
620 1805 882 1891 promovendam
906 1805 1164 1870 ecclesiasticam
1194 1818 1227 1871 et
1256 1807 1427 1892 regularem

318 1906 538 1991 disciplinam,
578 1912 648 1967 tum
679 1904 722 1967 ad
754 1902 966 1987 corrigendos
997 1902 1131 1970 abusus.
1188 1905 1427 1970 Ecclesiasticas

318 2005 496 2089 dignitates
519 2004 652 2067 nonnisi
677 2003 787 2087 dignis
812 2001 960 2083 contulit,
992 2024 1111 2087 pacem
1133 2004 1221 2068 inter
1245 2003 1427 2068 christianos

318 2103 494 2188 principes,
533 2101 590 2186 qui
625 2123 660 2165 se
691 2103 857 2165 continuis
889 2098 984 2163 bellis
1020 2099 1237 2186 impetebant,
1279 2114 1426 2188 quantun

318 2202 425 2286 potuit
454 2199 571 2263 litteris
602 2199 779 2284 prudentia
811 2198 940 2262 refertis
964 2207 995 2262 et
1018 2199 1184 2283 gravitate
1207 2200 1251 2264 ad
1277 2222 1335 2264 eos
1359 2199 1427 2262 datis

317 2299 493 2383 promovit.
542 2296 626 2361 Cum
650 2297 824 2362 Ludovico
849 2295 933 2360 XIV
957 2318 1033 2381 rege
1057 2294 1186 2361 Galliae
1215 2319 1335 2382 pacem
1360 2297 1426 2360 iniit.

317 2397 525 2481 gratiamque
548 2417 642 2460 suam
665 2396 808 2460 restituit
837 2393 1003 2480 praelatis,
1035 2395 1092 2480 qui
1118 2392 1270 2458 Comitiis
1303 2417 1334 2461 a.
1360 2393 1427 2457 1681

319 2492 552 2575 interfuerant,
608 2502 746 2578 accepta
796 2494 887 2577 prius
941 2493 1160 2556 conveniente
1207 2493 1427 2556 satisfactione.

319 2591 564 2675 Disceptationi
603 2591 645 2654 de
682 2592 809 2675 origine
840 2588 977 2655 Ordinis
1015 2587 1269 2654 Carmelitarum
1310 2591 1387 2654 inde
1416 2611 1426 2649 a

320 2688 488 2775 prophetis
512 2688 586 2752 Elia
611 2698 642 2752 et
666 2688 790 2769 Eliseo,
822 2709 906 2772 quae
930 2689 1016 2750 inter
1040 2686 1236 2752 Carmelitas
1260 2699 1294 2752 et
1317 2687 1427 2752 Bollan-

320 2787 422 2851 distas
446 2788 555 2850 acrius
578 2785 776 2870 agitabatur,
802 2784 969 2849 silentium
995 2787 1170 2870 imposuit3
1196 2809 1283 2872 quae
1309 2786 1427 2850 veroin

320 2885 524 2949 Jansenismi
548 2885 680 2967 negotio
705 2883 829 2961 fecerit,
850 2884 922 2968 jam
947 2882 1182 2952 indicavimus.
1230 2883 1328 2950 Obiit
1351 2884 1427 2947 Inno-

320 2983 450 3045 centius
466 2981 535 3044 XII
558 2983 656 3044 annis
673 2991 706 3044 et
723 2983 849 3044 meritis
865 2980 983 3065 plenus
999 3003 1028 3046 a.
1048 2982 1134 3046 1700
1152 2981 1283 3046 111127ο
1299 2983 1427 3067 Septen·
1471 3043 1472 3054 ,

321 3079 398 3144 brie.
447 3078 639 3163 Apostolica
662 3077 764 3143 Sedes
789 3080 923 3142 vacavit
952 3100 1057 3163 usque
1089 3079 1133 3143 ad
1162 3079 1250 3144 diem
1276 3081 1360 3145 23ιιῐῃ
1381 3078 1427 3142 No·
1470 3077 1472 3116 l

320 3177 478 3258 vembris,
496 3199 560 3262 quo
576 3176 631 3241 die
646 3178 679 3240 in
698 3198 771 3240 eam
786 3175 983 3240 sublimatus
993 3186 1047 3244 ¹est
1067 3174 1275 3256 ClemenaXI,
1290 3177 1427 3252 Urbinas,

319 3284 419 3339 antea
449 3274 633 3359 appellatus
663 3275 812 3339 loannes
847 3275 1047 3338 Franciseus
1088 3271 1276 3341 Cardinalis
1312 3272 1427 3338 Albani.

320 3373 383 3438 Vir
413 3373 476 3436 fuit
505 3394 636 3455 genere,
667 3373 799 3458 pietate,
834 3372 1030 3452 eruditione,
1064 3373 1235 3458 animique
1260 3371 1427 3438 constantia

321 3471 591 3556 spectatissimus,
625 3469 756 3555 qualem
787 3469 975 3555 postulabat
1008 3469 1179 3534 Ecclesiae
1218 3481 1325 3535 status
1361 3471 1428 3533 inter

322 3567 483 3632 bellorum
518 3570 687 3652 strepitus,
726 3567 847 3653 quibus
879 3568 1012 3652 Europa
1051 3567 1254 3653 agitabatur,
1295 3579 1327 3633 et
1360 3570 1428 3630 inter

322 3666 537 3730 sectariorum
553 3665 705 3747 assultus,
723 3665 844 3751 quibus
856 3665 1026 3730 Ecclesiae
1040 3666 1191 3731 doctrina
1201 3667 1257 3730 vel
1269 3666 1427 3731 auctoritas

322 3763 592 3848 impugnabatur.
640 3764 710 3829 Sub
736 3762 905 3828 Clemente
929 3764 980 3828 XI
1011 3764 1168 3828 videlicet
1197 3769 1318 3828 iterum
1349 3760 1427 3825 vehe·
1470 3749 1472 3846 l

325 3862 468 3925 mentius
483 3862 695 3926 Jansenistae
718 3861 905 3926 Ecclesiam
929 3862 1123 3945 turbarunt3
1148 3863 1238 3926 unde
1264 3859 1426 3926 secundum
1471 3851 1472 3926 l

324 3961 529 4045 propositum
575 3969 724 4023 nostrum
765 3959 836 4045 jam
884 3982 997 4023 eorum
1043 3961 1243 4043 agitationes
1289 3974 1424 4024 enarrare
1471 3971 1472 4030 j

324 4060 501 4144 pergimus.

417 4156 467 4220 70.
514 4155 642 4219 Ρ1ο11111
666 4157 750 4219 inter
773 4156 979 4220 Jansenistas
1003 4156 1138 4219 Parisiis
1168 4177 1257 4219 anno
1285 4153 1361 4217 1701
1391 4149 1424 4212 f-

325 4247 436 4316 mosus
466 4253 574 4318 dictus
603 4253 701 4318 Casas
724 4255 941 4332 coraecientiae,
974 4255 1007 4316 in
1041 4275 1105 4338 quo
1138 4252 1306 4316 inducitur
1333 4246 1423 4314 nescio
