<?xml version="1.0" encoding="UTF-8"?>
<!DOCTYPE html PUBLIC "-//W3C//DTD XHTML 1.0 Transitional//EN"
    "http://www.w3.org/TR/xhtml1/DTD/xhtml1-transitional.dtd">
<html xmlns="http://www.w3.org/1999/xhtml" xml:lang="en" lang="en">
 <head>
  <title>
</title>
<meta http-equiv="Content-Type" content="text/html;charset=utf-8" />
  <meta name='ocr-system' content='tesseract 3.04.00' />
  <meta name='ocr-capabilities' content='ocr_page ocr_carea ocr_par ocr_line ocrx_word'/>
</head>
<body>
  <div class='ocr_page' id='page_1' title='image "./dissertationess03junggoog_0168.png"; bbox 0 0 3288 4900; ppageno 0'>
   <div class='ocr_carea' id='block_1_1' title="bbox 490 479 1239 548">
    <p class='ocr_par' dir='ltr' id='par_1_1' title="bbox 490 479 1239 548">
     <span class='ocr_line' id='line_1_1' title="bbox 490 479 1239 548; baseline 0 -13"><span class='ocrx_word' id='word_1_1' title='bbox 490 479 604 536; x_wconf 76' lang='lat' dir='ltr'><strong>Consilii</strong></span> <span class='ocrx_word' id='word_1_2' title='bbox 621 481 750 548; x_wconf 77' lang='lat' dir='ltr'>periodus</span> <span class='ocrx_word' id='word_1_3' title='bbox 768 480 861 537; x_wconf 83' lang='lat' dir='ltr'><strong>tertie.</strong></span> <span class='ocrx_word' id='word_1_4' title='bbox 913 539 915 546; x_wconf 60' lang='grc'><strong>,</strong></span> <span class='ocrx_word' id='word_1_5' title='bbox 1185 482 1239 536; x_wconf 77' lang='lat' dir='ltr'><strong>loo</strong></span> 
     </span>
    </p>
   </div>
   <div class='ocr_carea' id='block_1_2' title="bbox 96 623 1411 1982">
    <p class='ocr_par' dir='ltr' id='par_1_2' title="bbox 96 623 1411 1982">
     <span class='ocr_line' id='line_1_2' title="bbox 136 623 1411 730; baseline 0.002 -44"><span class='ocrx_word' id='word_1_6' title='bbox 136 625 258 688; x_wconf 89' lang='lat' dir='ltr'><strong>rentiam</strong></span> <span class='ocrx_word' id='word_1_7' title='bbox 283 626 317 688; x_wconf 92' lang='lat' dir='ltr'><strong>in</strong></span> <span class='ocrx_word' id='word_1_8' title='bbox 341 623 461 690; x_wconf 85' lang='lat' dir='ltr'><strong>Sedem</strong></span> <span class='ocrx_word' id='word_1_9' title='bbox 478 624 704 709; x_wconf 84' lang='lat' dir='ltr'><strong>Apostolioam</strong></span> <span class='ocrx_word' id='word_1_10' title='bbox 727 624 893 710; x_wconf 79' lang='lat' dir='ltr'><strong>professus</strong></span> <span class='ocrx_word' id='word_1_11' title='bbox 916 623 1108 707; x_wconf 85' lang='lat' dir='ltr'><strong>testabatur,</strong></span> <span class='ocrx_word' id='word_1_12' title='bbox 1134 624 1236 689; x_wconf 88' lang='lat' dir='ltr'><strong>nulla·</strong></span> <span class='ocrx_word' id='word_1_13' title='bbox 1248 625 1411 730; x_wconf 37' lang='lat' dir='ltr'><strong>Lfigffiz</strong></span> 
     </span>
     <span class='ocr_line' id='line_1_3' title="bbox 136 721 1237 808; baseline 0.002 -24"><span class='ocrx_word' id='word_1_14' title='bbox 136 731 215 784; x_wconf 87' lang='lat' dir='ltr'><strong>tenus</strong></span> <span class='ocrx_word' id='word_1_15' title='bbox 243 723 305 807; x_wconf 92' lang='lat' dir='ltr'><strong>ipsi</strong></span> <span class='ocrx_word' id='word_1_16' title='bbox 337 723 543 808; x_wconf 90' lang='lat' dir='ltr'><strong>propositum</strong></span> <span class='ocrx_word' id='word_1_17' title='bbox 575 745 644 786; x_wconf 84' lang='lat' dir='ltr'><strong>esse</strong></span> <span class='ocrx_word' id='word_1_18' title='bbox 675 723 906 787; x_wconf 87' lang='lat' dir='ltr'><strong>auctoritatem</strong></span> <span class='ocrx_word' id='word_1_19' title='bbox 929 721 1101 788; x_wconf 82' lang='lat' dir='ltr'><strong>Pontificis</strong></span> <span class='ocrx_word' id='word_1_20' title='bbox 1132 725 1237 787; x_wconf 87' lang='lat' dir='ltr'><strong>immi·</strong></span> 
     </span>
     <span class='ocr_line' id='line_1_4' title="bbox 136 819 1239 905; baseline 0.004 -25"><span class='ocrx_word' id='word_1_21' title='bbox 136 840 229 884; x_wconf 88' lang='lat' dir='ltr'><strong>nuere.</strong></span> <span class='ocrx_word' id='word_1_22' title='bbox 276 819 342 884; x_wconf 85' lang='lat' dir='ltr'><strong>Sed</strong></span> <span class='ocrx_word' id='word_1_23' title='bbox 375 820 553 884; x_wconf 48' lang='lat' dir='ltr'><strong>doctrinas¹</strong></span> <span class='ocrx_word' id='word_1_24' title='bbox 570 820 732 905; x_wconf 84' lang='lat' dir='ltr'><strong>quasdam</strong></span> <span class='ocrx_word' id='word_1_25' title='bbox 761 819 935 905; x_wconf 85' lang='lat' dir='ltr'><strong>amplexus</strong></span> <span class='ocrx_word' id='word_1_26' title='bbox 959 820 1115 884; x_wconf 77' lang='lat' dir='ltr'><strong>erutheo</strong></span> <span class='ocrx_word' id='word_1_27' title='bbox 1139 820 1239 884; x_wconf 88' lang='lat' dir='ltr'><strong>dere</strong></span> 
     </span>
     <span class='ocr_line' id='line_1_5' title="bbox 136 917 1242 1004; baseline 0.004 -26"><span class='ocrx_word' id='word_1_28' title='bbox 136 919 254 982; x_wconf 89' lang='lat' dir='ltr'><strong>minime</strong></span> <span class='ocrx_word' id='word_1_29' title='bbox 278 938 384 1000; x_wconf 84' lang='lat' dir='ltr'><strong>veras,</strong></span> <span class='ocrx_word' id='word_1_30' title='bbox 409 918 558 1003; x_wconf 88' lang='lat' dir='ltr'><strong>adeoque</strong></span> <span class='ocrx_word' id='word_1_31' title='bbox 576 920 648 982; x_wconf 88' lang='lat' dir='ltr'><strong>viro</strong></span> <span class='ocrx_word' id='word_1_32' title='bbox 668 918 823 1003; x_wconf 83' lang='lat' dir='ltr'><strong>quamvis</strong></span> <span class='ocrx_word' id='word_1_33' title='bbox 839 918 963 1002; x_wconf 87' lang='lat' dir='ltr'><strong>optimo</strong></span> <span class='ocrx_word' id='word_1_34' title='bbox 977 918 1126 982; x_wconf 82' lang='lat' dir='ltr'><strong>animato</strong></span> <span class='ocrx_word' id='word_1_35' title='bbox 1142 917 1242 1004; x_wconf 82' lang='lat' dir='ltr'><strong>plena</strong></span> 
     </span>
     <span class='ocr_line' id='line_1_6' title="bbox 136 1013 1242 1101; baseline 0.003 -24"><span class='ocrx_word' id='word_1_36' title='bbox 136 1013 240 1078; x_wconf 87' lang='lat' dir='ltr'><strong>fiducia</strong></span> <span class='ocrx_word' id='word_1_37' title='bbox 263 1015 380 1079; x_wconf 88' lang='lat' dir='ltr'><strong>baberi</strong></span> <span class='ocrx_word' id='word_1_38' title='bbox 403 1038 470 1083; x_wconf 90' lang='lat' dir='ltr'><strong>non</strong></span> <span class='ocrx_word' id='word_1_39' title='bbox 495 1026 632 1101; x_wconf 85' lang='lat' dir='ltr'><strong>poterat</strong></span> <span class='ocrx_word' id='word_1_40' title='bbox 679 1015 803 1082; x_wconf 80' lang='lat' dir='ltr'>Sensus</span> <span class='ocrx_word' id='word_1_41' title='bbox 827 1037 903 1079; x_wconf 91' lang='lat' dir='ltr'><strong>suos</strong></span> <span class='ocrx_word' id='word_1_42' title='bbox 926 1017 997 1100; x_wconf 89' lang='lat' dir='ltr'><strong>ipse</strong></span> <span class='ocrx_word' id='word_1_43' title='bbox 1018 1015 1242 1100; x_wconf 87' lang='lat' dir='ltr'><strong>Lotbaringus</strong></span> 
     </span>
     <span class='ocr_line' id='line_1_7' title="bbox 137 1110 1241 1199; baseline 0.005 -26"><span class='ocrx_word' id='word_1_44' title='bbox 137 1110 237 1175; x_wconf 75' lang='lat' dir='ltr'><strong>diserte</strong></span> <span class='ocrx_word' id='word_1_45' title='bbox 265 1124 442 1198; x_wconf 85' lang='lat' dir='ltr'><strong>aperuerat</strong></span> <span class='ocrx_word' id='word_1_46' title='bbox 466 1113 622 1179; x_wconf 82' lang='lat' dir='ltr'><strong>Calendis</strong></span> <span class='ocrx_word' id='word_1_47' title='bbox 646 1115 838 1179; x_wconf 78' lang='lat' dir='ltr'><strong>Februariis</strong></span> <span class='ocrx_word' id='word_1_48' title='bbox 873 1137 903 1177; x_wconf 90' lang='lat' dir='ltr'><strong>a.</strong></span> <span class='ocrx_word' id='word_1_49' title='bbox 932 1114 1014 1180; x_wconf 77' lang='lat'><strong>1563</strong></span> <span class='ocrx_word' id='word_1_50' title='bbox 1047 1112 1169 1199; x_wconf 89' lang='lat' dir='ltr'><strong>scripta</strong></span> <span class='ocrx_word' id='word_1_51' title='bbox 1198 1114 1241 1178; x_wconf 87' lang='lat' dir='ltr'><strong>ad</strong></span> 
     </span>
     <span class='ocr_line' id='line_1_8' title="bbox 136 1209 1242 1298; baseline 0.004 -26"><span class='ocrx_word' id='word_1_52' title='bbox 136 1209 297 1274; x_wconf 89' lang='lat' dir='ltr'><strong>Bertonurn</strong></span> <span class='ocrx_word' id='word_1_53' title='bbox 315 1213 440 1276; x_wconf 85' lang='lat' dir='ltr'><strong>Romae</strong></span> <span class='ocrx_word' id='word_1_54' title='bbox 464 1223 609 1277; x_wconf 90' lang='lat' dir='ltr'><strong>actorem</strong></span> <span class='ocrx_word' id='word_1_55' title='bbox 634 1235 730 1277; x_wconf 90' lang='lat' dir='ltr'><strong>suum</strong></span> <span class='ocrx_word' id='word_1_56' title='bbox 755 1211 912 1298; x_wconf 68' lang='lat' dir='ltr'><strong>epistola·</strong></span> <span class='ocrx_word' id='word_1_57' title='bbox 929 1233 1028 1298; x_wconf 82' lang='lat' dir='ltr'><strong>quem</strong></span> <span class='ocrx_word' id='word_1_58' title='bbox 1052 1211 1114 1276; x_wconf 91' lang='lat' dir='ltr'><strong>Pio</strong></span> <span class='ocrx_word' id='word_1_59' title='bbox 1130 1212 1177 1276; x_wconf 95' lang='lat' dir='ltr'><strong>IV</strong></span> <span class='ocrx_word' id='word_1_60' title='bbox 1202 1235 1242 1276; x_wconf 88' lang='lat' dir='ltr'><strong>ao</strong></span> 
     </span>
     <span class='ocr_line' id='line_1_9' title="bbox 137 1306 1242 1394; baseline 0.005 -25"><span class='ocrx_word' id='word_1_61' title='bbox 137 1306 314 1373; x_wconf 87' lang='lat' dir='ltr'><strong>borromaeo</strong></span> <span class='ocrx_word' id='word_1_62' title='bbox 355 1310 530 1394; x_wconf 87' lang='lat' dir='ltr'><strong>legendum</strong></span> <span class='ocrx_word' id='word_1_63' title='bbox 564 1310 719 1376; x_wconf 85' lang='lat' dir='ltr'><strong>traderet.</strong></span> <span class='ocrx_word' id='word_1_64' title='bbox 774 1310 910 1374; x_wconf 86' lang='lat' dir='ltr'><strong>Praeter</strong></span> <span class='ocrx_word' id='word_1_65' title='bbox 947 1310 1012 1374; x_wconf 86' lang='lat' dir='ltr'><strong>elia</strong></span> <span class='ocrx_word' id='word_1_66' title='bbox 1052 1311 1086 1373; x_wconf 90' lang='lat' dir='ltr'><strong>in</strong></span> <span class='ocrx_word' id='word_1_67' title='bbox 1124 1310 1242 1376; x_wconf 81' lang='lat' dir='ltr'><strong>eadem</strong></span> 
     </span>
     <span class='ocr_line' id='line_1_10' title="bbox 139 1404 1242 1493; baseline 0.007 -29"><span class='ocrx_word' id='word_1_68' title='bbox 139 1404 301 1470; x_wconf 85' lang='lat' dir='ltr'><strong>scribebat:</strong></span> <span class='ocrx_word' id='word_1_69' title='bbox 346 1407 465 1488; x_wconf 79' lang='lat' dir='ltr'><strong>„Quod</strong></span> <span class='ocrx_word' id='word_1_70' title='bbox 500 1408 664 1473; x_wconf 77' lang='lat' dir='ltr'><strong>attinebat</strong></span> <span class='ocrx_word' id='word_1_71' title='bbox 698 1408 741 1472; x_wconf 87' lang='lat' dir='ltr'><strong>ad</strong></span> <span class='ocrx_word' id='word_1_72' title='bbox 774 1409 978 1493; x_wconf 89' lang='lat' dir='ltr'><strong>superiorem</strong></span> <span class='ocrx_word' id='word_1_73' title='bbox 1011 1411 1242 1472; x_wconf 76' lang='lat' dir='ltr'><strong>auctorita-tem</strong></span> 
     </span>
     <span class='ocr_line' id='line_1_11' title="bbox 136 1499 1243 1590; baseline 0.006 -27"><span class='ocrx_word' id='word_1_74' title='bbox 136 1499 286 1569; x_wconf 88' lang='lat' dir='ltr'><strong>Pontificis</strong></span> <span class='ocrx_word' id='word_1_75' title='bbox 315 1516 374 1569; x_wconf 90' lang='lat' dir='ltr'><strong>aut</strong></span> <span class='ocrx_word' id='word_1_76' title='bbox 407 1506 565 1590; x_wconf 78' lang='lat' dir='ltr'><strong>Consilii,</strong></span> <span class='ocrx_word' id='word_1_77' title='bbox 605 1529 639 1571; x_wconf 92' lang='lat' dir='ltr'><strong>se</strong></span> <span class='ocrx_word' id='word_1_78' title='bbox 672 1507 834 1571; x_wconf 91' lang='lat' dir='ltr'><strong>nutritum</strong></span> <span class='ocrx_word' id='word_1_79' title='bbox 874 1506 974 1569; x_wconf 88' lang='lat' dir='ltr'><strong>fuisse</strong></span> <span class='ocrx_word' id='word_1_80' title='bbox 1003 1507 1037 1570; x_wconf 93' lang='lat' dir='ltr'><strong>in</strong></span> <span class='ocrx_word' id='word_1_81' title='bbox 1070 1505 1243 1571; x_wconf 85' lang='lat' dir='ltr'><strong>academia</strong></span> 
     </span>
     <span class='ocr_line' id='line_1_12' title="bbox 135 1599 1242 1688; baseline 0.006 -27"><span class='ocrx_word' id='word_1_82' title='bbox 135 1599 306 1686; x_wconf 68' lang='lat' dir='ltr'><strong>Parisiensi,</strong></span> <span class='ocrx_word' id='word_1_83' title='bbox 340 1625 424 1688; x_wconf 85' lang='lat' dir='ltr'><strong>quae</strong></span> <span class='ocrx_word' id='word_1_84' title='bbox 448 1604 539 1668; x_wconf 84' lang='lat' dir='ltr'><strong>favet</strong></span> <span class='ocrx_word' id='word_1_85' title='bbox 563 1603 732 1686; x_wconf 82' lang='lat' dir='ltr'><strong>Oonoiliis,</strong></span> <span class='ocrx_word' id='word_1_86' title='bbox 763 1615 794 1667; x_wconf 93' lang='lat' dir='ltr'><strong>et</strong></span> <span class='ocrx_word' id='word_1_87' title='bbox 817 1627 837 1668; x_wconf 84' lang='lat' dir='ltr'><strong>a</strong></span> <span class='ocrx_word' id='word_1_88' title='bbox 861 1625 895 1667; x_wconf 89' lang='lat' dir='ltr'><strong>se</strong></span> <span class='ocrx_word' id='word_1_89' title='bbox 919 1604 1125 1688; x_wconf 86' lang='lat' dir='ltr'><strong>comprobari</strong></span> <span class='ocrx_word' id='word_1_90' title='bbox 1152 1605 1242 1668; x_wconf 91' lang='lat' dir='ltr'><strong>omni</strong></span> 
     </span>
     <span class='ocr_line' id='line_1_13' title="bbox 135 1700 1242 1786; baseline 0.005 -26"><span class='ocrx_word' id='word_1_91' title='bbox 135 1718 167 1760; x_wconf 85' lang='lat' dir='ltr'><strong>ex</strong></span> <span class='ocrx_word' id='word_1_92' title='bbox 193 1711 283 1786; x_wconf 88' lang='lat' dir='ltr'><strong>parte</strong></span> <span class='ocrx_word' id='word_1_93' title='bbox 312 1701 488 1785; x_wconf 85' lang='lat' dir='ltr'><strong>Synodum</strong></span> <span class='ocrx_word' id='word_1_94' title='bbox 519 1703 806 1768; x_wconf 84' lang='lat' dir='ltr'><strong>Constantiensem</strong></span> <span class='ocrx_word' id='word_1_95' title='bbox 841 1710 873 1766; x_wconf 92' lang='lat' dir='ltr'><strong>et</strong></span> <span class='ocrx_word' id='word_1_96' title='bbox 903 1700 1138 1785; x_wconf 84' lang='lat' dir='ltr'><strong>Besileensem‚</strong></span> <span class='ocrx_word' id='word_1_97' title='bbox 1175 1722 1242 1766; x_wconf 84' lang='lat' dir='ltr'><strong>non</strong></span> 
     </span>
     <span class='ocr_line' id='line_1_14' title="bbox 96 1795 1243 1885; baseline 0.005 -29"><span class='ocrx_word' id='word_1_98' title='bbox 96 1815 97 1818; x_wconf 45' lang='lat'>¹</span> <span class='ocrx_word' id='word_1_99' title='bbox 135 1795 197 1860; x_wconf 85' lang='lat' dir='ltr'><strong>item</strong></span> <span class='ocrx_word' id='word_1_100' title='bbox 213 1797 452 1864; x_wconf 83' lang='lat' dir='ltr'><strong>Florentinarn.</strong></span> <span class='ocrx_word' id='word_1_101' title='bbox 479 1798 615 1864; x_wconf 78' lang='lat' dir='ltr'><strong>Certum</strong></span> <span class='ocrx_word' id='word_1_102' title='bbox 629 1799 905 1885; x_wconf 87' lang='lat' dir='ltr'><strong>exploratumque</strong></span> <span class='ocrx_word' id='word_1_103' title='bbox 929 1798 992 1863; x_wconf 92' lang='lat' dir='ltr'><strong>sibi</strong></span> <span class='ocrx_word' id='word_1_104' title='bbox 1009 1821 1090 1882; x_wconf 79' lang='lat' dir='ltr'><strong>esse,</strong></span> <span class='ocrx_word' id='word_1_105' title='bbox 1114 1798 1243 1864; x_wconf 90' lang='lat' dir='ltr'><strong>nullum</strong></span> 
     </span>
     <span class='ocr_line' id='line_1_15' title="bbox 135 1896 1244 1982; baseline 0.005 -27"><span class='ocrx_word' id='word_1_106' title='bbox 135 1915 197 1958; x_wconf 88' lang='lat' dir='ltr'><strong>suae</strong></span> <span class='ocrx_word' id='word_1_107' title='bbox 220 1897 366 1961; x_wconf 89' lang='lat' dir='ltr'><strong>nationis</strong></span> <span class='ocrx_word' id='word_1_108' title='bbox 390 1899 583 1982; x_wconf 86' lang='lat' dir='ltr'><strong>episcopum</strong></span> <span class='ocrx_word' id='word_1_109' title='bbox 614 1898 796 1962; x_wconf 87' lang='lat' dir='ltr'><strong>adductum</strong></span> <span class='ocrx_word' id='word_1_110' title='bbox 821 1898 861 1960; x_wconf 89' lang='lat' dir='ltr'><strong>iri</strong></span> <span class='ocrx_word' id='word_1_111' title='bbox 884 1897 929 1962; x_wconf 84' lang='lat' dir='ltr'><strong>ad</strong></span> <span class='ocrx_word' id='word_1_112' title='bbox 952 1898 1093 1982; x_wconf 88' lang='lat' dir='ltr'><strong>oppositi</strong></span> <span class='ocrx_word' id='word_1_113' title='bbox 1118 1896 1244 1961; x_wconf 80' lang='lat' dir='ltr'><strong>decreti</strong></span> 
     </span>
    </p>
   </div>
   <div class='ocr_carea' id='block_1_3' title="bbox 135 1997 381 2077">
    <p class='ocr_par' dir='ltr' id='par_1_3' title="bbox 135 1997 381 2077">
     <span class='ocr_line' id='line_1_16' title="bbox 135 1997 381 2077; baseline 0.033 -25"><span class='ocrx_word' id='word_1_114' title='bbox 135 1997 381 2077; x_wconf 82' lang='lat' dir='ltr'><strong>eonsensum.“¹)</strong></span> 
     </span>
    </p>
   </div>
   <div class='ocr_carea' id='block_1_4' title="bbox 97 2127 1245 3974">
    <p class='ocr_par' dir='ltr' id='par_1_4' title="bbox 135 2127 1243 2310">
     <span class='ocr_line' id='line_1_17' title="bbox 208 2127 1243 2212; baseline 0.001 -23"><span class='ocrx_word' id='word_1_115' title='bbox 208 2127 278 2194; x_wconf 79' lang='lat'>112.</span> <span class='ocrx_word' id='word_1_116' title='bbox 331 2127 441 2207; x_wconf 77' lang='lat' dir='ltr'><strong>Quum</strong></span> <span class='ocrx_word' id='word_1_117' title='bbox 482 2127 669 2193; x_wconf 82' lang='lat' dir='ltr'><strong>Cardinalis</strong></span> <span class='ocrx_word' id='word_1_118' title='bbox 703 2128 927 2212; x_wconf 88' lang='lat' dir='ltr'><strong>Lotharingus</strong></span> <span class='ocrx_word' id='word_1_119' title='bbox 970 2136 1119 2190; x_wconf 87' lang='lat' dir='ltr'><strong>assuetus</strong></span> <span class='ocrx_word' id='word_1_120' title='bbox 1158 2136 1243 2190; x_wconf 83' lang='lat' dir='ltr'><strong>esset</strong></span> 
     </span>
     <span class='ocr_line' id='line_1_18' title="bbox 135 2220 1242 2310; baseline 0.005 -28"><span class='ocrx_word' id='word_1_121' title='bbox 135 2220 301 2306; x_wconf 83' lang='lat' dir='ltr'><strong>dirigendis</strong></span> <span class='ocrx_word' id='word_1_122' title='bbox 317 2225 416 2289; x_wconf 88' lang='lat' dir='ltr'><strong>rebus</strong></span> <span class='ocrx_word' id='word_1_123' title='bbox 432 2249 471 2289; x_wconf 87' lang='lat' dir='ltr'><strong>ac</strong></span> <span class='ocrx_word' id='word_1_124' title='bbox 484 2236 616 2290; x_wconf 89' lang='lat' dir='ltr'><strong>vastum</strong></span> <span class='ocrx_word' id='word_1_125' title='bbox 637 2236 764 2310; x_wconf 83' lang='lat' dir='ltr'><strong>gereret</strong></span> <span class='ocrx_word' id='word_1_126' title='bbox 776 2227 935 2308; x_wconf 86' lang='lat' dir='ltr'><strong>animum,</strong></span> <span class='ocrx_word' id='word_1_127' title='bbox 949 2227 1049 2288; x_wconf 88' lang='lat' dir='ltr'><strong>etiam</strong></span> <span class='ocrx_word' id='word_1_128' title='bbox 1063 2225 1096 2287; x_wconf 92' lang='lat' dir='ltr'><strong>in</strong></span> <span class='ocrx_word' id='word_1_129' title='bbox 1108 2224 1242 2308; x_wconf 84' lang='lat' dir='ltr'><strong>Synodo</strong></span> 
     </span>
    </p>

    <p class='ocr_par' dir='ltr' id='par_1_5' title="bbox 97 2321 1245 3974">
     <span class='ocr_line' id='line_1_19' title="bbox 97 2321 1244 2409; baseline 0.003 -28"><span class='ocrx_word' id='word_1_130' title='bbox 97 2325 98 2328; x_wconf 74' lang='grc'>’</span> <span class='ocrx_word' id='word_1_131' title='bbox 135 2321 257 2386; x_wconf 86' lang='lat' dir='ltr'><strong>multum</strong></span> <span class='ocrx_word' id='word_1_132' title='bbox 282 2323 511 2404; x_wconf 86' lang='lat' dir='ltr'><strong>adlaborabat,</strong></span> <span class='ocrx_word' id='word_1_133' title='bbox 545 2335 581 2388; x_wconf 92' lang='lat' dir='ltr'><strong>ut</strong></span> <span class='ocrx_word' id='word_1_134' title='bbox 610 2347 662 2388; x_wconf 90' lang='lat' dir='ltr'><strong>res</strong></span> <span class='ocrx_word' id='word_1_135' title='bbox 694 2324 737 2388; x_wconf 90' lang='lat' dir='ltr'><strong>ab</strong></span> <span class='ocrx_word' id='word_1_136' title='bbox 769 2327 839 2409; x_wconf 91' lang='lat' dir='ltr'><strong>ipso</strong></span> <span class='ocrx_word' id='word_1_137' title='bbox 873 2323 1129 2408; x_wconf 88' lang='lat' dir='ltr'><strong>disponerentur</strong></span> <span class='ocrx_word' id='word_1_138' title='bbox 1152 2330 1184 2385; x_wconf 93' lang='lat' dir='ltr'><strong>et</strong></span> <span class='ocrx_word' id='word_1_139' title='bbox 1207 2333 1244 2385; x_wconf 86' lang='lat' dir='ltr'><strong>ut</strong></span> 
     </span>
     <span class='ocr_line' id='line_1_20' title="bbox 97 2413 1240 2507; baseline 0.003 -28"><span class='ocrx_word' id='word_1_140' title='bbox 97 2413 98 2416; x_wconf 46' lang='lat'>&#39;</span> <span class='ocrx_word' id='word_1_141' title='bbox 135 2437 181 2500; x_wconf 91' lang='lat' dir='ltr'><strong>per</strong></span> <span class='ocrx_word' id='word_1_142' title='bbox 193 2419 299 2504; x_wconf 91' lang='lat' dir='ltr'><strong>ipsum</strong></span> <span class='ocrx_word' id='word_1_143' title='bbox 318 2420 421 2484; x_wconf 86' lang='lat' dir='ltr'><strong>veluti</strong></span> <span class='ocrx_word' id='word_1_144' title='bbox 438 2433 644 2506; x_wconf 87' lang='lat' dir='ltr'><strong>sequestrum</strong></span> <span class='ocrx_word' id='word_1_145' title='bbox 662 2422 840 2486; x_wconf 88' lang='lat' dir='ltr'><strong>concordia</strong></span> <span class='ocrx_word' id='word_1_146' title='bbox 856 2421 1057 2507; x_wconf 89' lang='lat' dir='ltr'><strong>reliquorum</strong></span> <span class='ocrx_word' id='word_1_147' title='bbox 1071 2419 1240 2484; x_wconf 79' lang='lat' dir='ltr'><strong>Gallorum</strong></span> 
     </span>
     <span class='ocr_line' id='line_1_21' title="bbox 136 2515 1242 2604; baseline 0.004 -28"><span class='ocrx_word' id='word_1_148' title='bbox 136 2524 160 2576; x_wconf 86' lang='lat' dir='ltr'><strong>et</strong></span> <span class='ocrx_word' id='word_1_149' title='bbox 172 2515 393 2604; x_wconf 88' lang='lat' dir='ltr'><strong>Hispanorum</strong></span> <span class='ocrx_word' id='word_1_150' title='bbox 412 2542 487 2583; x_wconf 90' lang='lat' dir='ltr'><strong>oum</strong></span> <span class='ocrx_word' id='word_1_151' title='bbox 504 2519 666 2584; x_wconf 88' lang='lat' dir='ltr'><strong>Pontifice</strong></span> <span class='ocrx_word' id='word_1_152' title='bbox 691 2520 905 2584; x_wconf 88' lang='lat' dir='ltr'><strong>obtineretur.</strong></span> <span class='ocrx_word' id='word_1_153' title='bbox 935 2519 1114 2584; x_wconf 83' lang='lat' dir='ltr'><strong>Successus</strong></span> <span class='ocrx_word' id='word_1_154' title='bbox 1130 2528 1242 2581; x_wconf 86' lang='lat' dir='ltr'><strong>tamen</strong></span> 
     </span>
     <span class='ocr_line' id='line_1_22' title="bbox 136 2616 1243 2704; baseline 0.005 -30"><span class='ocrx_word' id='word_1_155' title='bbox 136 2633 187 2677; x_wconf 89' lang='lat' dir='ltr'><strong>non</strong></span> <span class='ocrx_word' id='word_1_156' title='bbox 210 2639 342 2704; x_wconf 84' lang='lat' dir='ltr'><strong>semper</strong></span> <span class='ocrx_word' id='word_1_157' title='bbox 364 2617 445 2680; x_wconf 87' lang='lat' dir='ltr'><strong>felix</strong></span> <span class='ocrx_word' id='word_1_158' title='bbox 469 2627 554 2699; x_wconf 82' lang='lat' dir='ltr'><strong>erat3</strong></span> <span class='ocrx_word' id='word_1_159' title='bbox 587 2619 708 2682; x_wconf 87' lang='lat' dir='ltr'><strong>etenim</strong></span> <span class='ocrx_word' id='word_1_160' title='bbox 738 2641 804 2682; x_wconf 90' lang='lat' dir='ltr'><strong>non</strong></span> <span class='ocrx_word' id='word_1_161' title='bbox 828 2619 911 2682; x_wconf 90' lang='lat' dir='ltr'><strong>adeo</strong></span> <span class='ocrx_word' id='word_1_162' title='bbox 936 2619 1148 2703; x_wconf 86' lang='lat' dir='ltr'><strong>obsequiosos</strong></span> <span class='ocrx_word' id='word_1_163' title='bbox 1172 2616 1243 2679; x_wconf 92' lang='lat' dir='ltr'><strong>reli-</strong></span> 
     </span>
     <span class='ocr_line' id='line_1_23' title="bbox 137 2715 1244 2804; baseline 0.002 -30"><span class='ocrx_word' id='word_1_164' title='bbox 137 2731 201 2794; x_wconf 89' lang='lat' dir='ltr'><strong>quos</strong></span> <span class='ocrx_word' id='word_1_165' title='bbox 242 2717 416 2801; x_wconf 82' lang='lat' dir='ltr'><strong>episcopos</strong></span> <span class='ocrx_word' id='word_1_166' title='bbox 454 2716 619 2782; x_wconf 85' lang='lat' dir='ltr'><strong>habebat.¹</strong></span> <span class='ocrx_word' id='word_1_167' title='bbox 664 2718 781 2804; x_wconf 89' lang='lat' dir='ltr'><strong>Itaque</strong></span> <span class='ocrx_word' id='word_1_168' title='bbox 824 2737 932 2802; x_wconf 89' lang='lat' dir='ltr'><strong>quum</strong></span> <span class='ocrx_word' id='word_1_169' title='bbox 972 2715 1035 2780; x_wconf 91' lang='lat' dir='ltr'><strong>sibi</strong></span> <span class='ocrx_word' id='word_1_170' title='bbox 1074 2715 1244 2794; x_wconf 82' lang='lat' dir='ltr'><strong>videretur</strong></span> 
     </span>
     <span class='ocr_line' id='line_1_24' title="bbox 137 2809 1244 2898; baseline 0.005 -29"><span class='ocrx_word' id='word_1_171' title='bbox 137 2809 248 2876; x_wconf 85' lang='lat' dir='ltr'><strong>sincera</strong></span> <span class='ocrx_word' id='word_1_172' title='bbox 272 2824 383 2876; x_wconf 88' lang='lat' dir='ltr'><strong>mente</strong></span> <span class='ocrx_word' id='word_1_173' title='bbox 406 2813 578 2878; x_wconf 90' lang='lat' dir='ltr'><strong>Pontificis</strong></span> <span class='ocrx_word' id='word_1_174' title='bbox 609 2815 839 2878; x_wconf 86' lang='lat' dir='ltr'><strong>auctoritatem</strong></span> <span class='ocrx_word' id='word_1_175' title='bbox 870 2817 1040 2894; x_wconf 87' lang='lat' dir='ltr'><strong>sustinere,</strong></span> <span class='ocrx_word' id='word_1_176' title='bbox 1075 2823 1174 2898; x_wconf 87' lang='lat' dir='ltr'><strong>atque</strong></span> <span class='ocrx_word' id='word_1_177' title='bbox 1204 2833 1244 2874; x_wconf 86' lang='lat' dir='ltr'><strong>ee</strong></span> 
     </span>
     <span class='ocr_line' id='line_1_25' title="bbox 138 2905 1242 2997; baseline 0.003 -28"><span class='ocrx_word' id='word_1_178' title='bbox 138 2905 160 2968; x_wconf 88' lang='lat' dir='ltr'><strong>in</strong></span> <span class='ocrx_word' id='word_1_179' title='bbox 181 2931 212 2972; x_wconf 88' lang='lat' dir='ltr'><strong>re</strong></span> <span class='ocrx_word' id='word_1_180' title='bbox 235 2913 337 2975; x_wconf 86' lang='lat' dir='ltr'><strong>etiem</strong></span> <span class='ocrx_word' id='word_1_181' title='bbox 363 2910 576 2979; x_wconf 84' lang='lat' dir='ltr'><strong>difficultates</strong></span> <span class='ocrx_word' id='word_1_182' title='bbox 599 2935 642 2976; x_wconf 88' lang='lat' dir='ltr'><strong>ex</strong></span> <span class='ocrx_word' id='word_1_183' title='bbox 661 2923 753 2997; x_wconf 89' lang='lat' dir='ltr'><strong>parte</strong></span> <span class='ocrx_word' id='word_1_184' title='bbox 771 2915 1000 2997; x_wconf 90' lang='lat' dir='ltr'><strong>episcoporum</strong></span> <span class='ocrx_word' id='word_1_185' title='bbox 1013 2911 1115 2992; x_wconf 82' lang='lat' dir='ltr'><strong>ferre3</strong></span> <span class='ocrx_word' id='word_1_186' title='bbox 1140 2931 1242 2995; x_wconf 90' lang='lat' dir='ltr'><strong>quum</strong></span> 
     </span>
     <span class='ocr_line' id='line_1_26' title="bbox 140 3009 1244 3095; baseline 0.004 -29"><span class='ocrx_word' id='word_1_187' title='bbox 140 3023 198 3070; x_wconf 77' lang='lat' dir='ltr'><strong>vero</strong></span> <span class='ocrx_word' id='word_1_188' title='bbox 222 3031 262 3072; x_wconf 86' lang='lat' dir='ltr'><strong>ex</strong></span> <span class='ocrx_word' id='word_1_189' title='bbox 288 3009 391 3073; x_wconf 86' lang='lat' dir='ltr'><strong>altera</strong></span> <span class='ocrx_word' id='word_1_190' title='bbox 415 3019 507 3095; x_wconf 82' lang='lat' dir='ltr'><strong>parte</strong></span> <span class='ocrx_word' id='word_1_191' title='bbox 532 3013 747 3091; x_wconf 79' lang='lat' dir='ltr'><strong>existimaret,</strong></span> <span class='ocrx_word' id='word_1_192' title='bbox 772 3033 792 3074; x_wconf 88' lang='lat' dir='ltr'><strong>a</strong></span> <span class='ocrx_word' id='word_1_193' title='bbox 808 3009 969 3073; x_wconf 89' lang='lat' dir='ltr'><strong>Pontifice</strong></span> <span class='ocrx_word' id='word_1_194' title='bbox 994 3017 1092 3093; x_wconf 87' lang='lat' dir='ltr'><strong>atque</strong></span> <span class='ocrx_word' id='word_1_195' title='bbox 1109 3009 1244 3092; x_wconf 88' lang='lat' dir='ltr'><strong>Legatis</strong></span> 
     </span>
     <span class='ocr_line' id='line_1_27' title="bbox 137 3107 1245 3194; baseline 0.005 -31"><span class='ocrx_word' id='word_1_196' title='bbox 137 3121 188 3167; x_wconf 89' lang='lat' dir='ltr'><strong>non</strong></span> <span class='ocrx_word' id='word_1_197' title='bbox 211 3121 284 3170; x_wconf 84' lang='lat' dir='ltr'><strong>eam</strong></span> <span class='ocrx_word' id='word_1_198' title='bbox 310 3107 372 3170; x_wconf 89' lang='lat' dir='ltr'><strong>sibi</strong></span> <span class='ocrx_word' id='word_1_199' title='bbox 403 3108 530 3172; x_wconf 90' lang='lat' dir='ltr'><strong>ostendi</strong></span> <span class='ocrx_word' id='word_1_200' title='bbox 555 3107 713 3173; x_wconf 83' lang='lat' dir='ltr'><strong>fiduciam</strong></span> <span class='ocrx_word' id='word_1_201' title='bbox 745 3131 829 3194; x_wconf 89' lang='lat' dir='ltr'><strong>quae</strong></span> <span class='ocrx_word' id='word_1_202' title='bbox 861 3117 893 3170; x_wconf 91' lang='lat' dir='ltr'><strong>et</strong></span> <span class='ocrx_word' id='word_1_203' title='bbox 923 3109 1048 3170; x_wconf 91' lang='lat' dir='ltr'><strong>meritis</strong></span> <span class='ocrx_word' id='word_1_204' title='bbox 1079 3107 1183 3190; x_wconf 90' lang='lat' dir='ltr'><strong>ipsius</strong></span> <span class='ocrx_word' id='word_1_205' title='bbox 1212 3115 1245 3168; x_wconf 91' lang='lat' dir='ltr'><strong>et</strong></span> 
     </span>
     <span class='ocr_line' id='line_1_28' title="bbox 136 3197 1245 3290; baseline 0.005 -30"><span class='ocrx_word' id='word_1_206' title='bbox 136 3197 273 3282; x_wconf 84' lang='lat' dir='ltr'><strong>dignitati</strong></span> <span class='ocrx_word' id='word_1_207' title='bbox 306 3209 508 3287; x_wconf 86' lang='lat' dir='ltr'><strong>conveniret,</strong></span> <span class='ocrx_word' id='word_1_208' title='bbox 543 3206 725 3290; x_wconf 84' lang='lat' dir='ltr'><strong>aegerrime</strong></span> <span class='ocrx_word' id='word_1_209' title='bbox 756 3205 789 3269; x_wconf 95' lang='lat' dir='ltr'><strong>id</strong></span> <span class='ocrx_word' id='word_1_210' title='bbox 823 3207 1012 3290; x_wconf 88' lang='lat' dir='ltr'><strong>frequenter</strong></span> <span class='ocrx_word' id='word_1_211' title='bbox 1043 3205 1180 3284; x_wconf 84' lang='lat' dir='ltr'><strong>ferebat,</strong></span> <span class='ocrx_word' id='word_1_212' title='bbox 1212 3213 1245 3266; x_wconf 88' lang='lat' dir='ltr'><strong>et</strong></span> 
     </span>
     <span class='ocr_line' id='line_1_29' title="bbox 135 3303 1243 3390; baseline 0.008 -33"><span class='ocrx_word' id='word_1_213' title='bbox 135 3317 249 3365; x_wconf 87' lang='lat' dir='ltr'><strong>amaras</strong></span> <span class='ocrx_word' id='word_1_214' title='bbox 297 3303 490 3368; x_wconf 88' lang='lat' dir='ltr'><strong>effundebat</strong></span> <span class='ocrx_word' id='word_1_215' title='bbox 538 3303 697 3390; x_wconf 86' lang='lat' dir='ltr'><strong>querelas.</strong></span> <span class='ocrx_word' id='word_1_216' title='bbox 748 3303 1100 3367; x_wconf 80' lang='lat' dir='ltr'><strong>&#39;Animadvertebatur</strong></span> <span class='ocrx_word' id='word_1_217' title='bbox 1144 3303 1243 3366; x_wconf 90' lang='lat' dir='ltr'><strong>etiam</strong></span> 
     </span>
     <span class='ocr_line' id='line_1_30' title="bbox 136 3393 1243 3487; baseline 0.002 -26"><span class='ocrx_word' id='word_1_218' title='bbox 136 3393 162 3456; x_wconf 84' lang='lat' dir='ltr'><strong>in</strong></span> <span class='ocrx_word' id='word_1_219' title='bbox 179 3397 391 3486; x_wconf 79' lang='lat' dir='ltr'><strong>LetharingO,</strong></span> <span class='ocrx_word' id='word_1_220' title='bbox 423 3404 532 3487; x_wconf 91' lang='lat' dir='ltr'><strong>ipsum</strong></span> <span class='ocrx_word' id='word_1_221' title='bbox 557 3423 685 3466; x_wconf 86' lang='lat' dir='ltr'><strong>amasse</strong></span> <span class='ocrx_word' id='word_1_222' title='bbox 709 3404 743 3465; x_wconf 93' lang='lat' dir='ltr'><strong>in</strong></span> <span class='ocrx_word' id='word_1_223' title='bbox 769 3402 885 3465; x_wconf 90' lang='lat' dir='ltr'><strong>litteris</strong></span> <span class='ocrx_word' id='word_1_224' title='bbox 910 3411 942 3465; x_wconf 91' lang='lat' dir='ltr'><strong>et</strong></span> <span class='ocrx_word' id='word_1_225' title='bbox 965 3402 1243 3465; x_wconf 85' lang='lat' dir='ltr'><strong>sermocinationi-</strong></span> 
     </span>
     <span class='ocr_line' id='line_1_31' title="bbox 136 3489 1244 3586; baseline 0.001 -28"><span class='ocrx_word' id='word_1_226' title='bbox 136 3489 186 3558; x_wconf 87' lang='lat' dir='ltr'><strong>bus</strong></span> <span class='ocrx_word' id='word_1_227' title='bbox 220 3501 337 3564; x_wconf 85' lang='lat' dir='ltr'><strong>offerre</strong></span> <span class='ocrx_word' id='word_1_228' title='bbox 376 3521 449 3563; x_wconf 88' lang='lat' dir='ltr'><strong>eam</strong></span> <span class='ocrx_word' id='word_1_229' title='bbox 487 3522 585 3586; x_wconf 86' lang='lat' dir='ltr'><strong>quam</strong></span> <span class='ocrx_word' id='word_1_230' title='bbox 621 3495 832 3564; x_wconf 85' lang='lat' dir='ltr'><strong>existimabat</strong></span> <span class='ocrx_word' id='word_1_231' title='bbox 864 3499 986 3563; x_wconf 85' lang='lat' dir='ltr'><strong>habere</strong></span> <span class='ocrx_word' id='word_1_232' title='bbox 1014 3491 1244 3561; x_wconf 81' lang='lat' dir='ltr'><strong>auctoritatem</strong></span> 
     </span>
     <span class='ocr_line' id='line_1_32' title="bbox 135 3595 1244 3681; baseline -0.001 -24"><span class='ocrx_word' id='word_1_233' title='bbox 135 3601 219 3678; x_wconf 77' lang='lat' dir='ltr'><strong>atque</strong></span> <span class='ocrx_word' id='word_1_234' title='bbox 243 3598 408 3664; x_wconf 87' lang='lat' dir='ltr'><strong>influxum</strong></span> <span class='ocrx_word' id='word_1_235' title='bbox 426 3598 460 3662; x_wconf 91' lang='lat' dir='ltr'><strong>in</strong></span> <span class='ocrx_word' id='word_1_236' title='bbox 476 3597 567 3680; x_wconf 85' lang='lat' dir='ltr'><strong>alios,</strong></span> <span class='ocrx_word' id='word_1_237' title='bbox 593 3609 630 3661; x_wconf 88' lang='lat' dir='ltr'><strong>ut</strong></span> <span class='ocrx_word' id='word_1_238' title='bbox 642 3600 825 3662; x_wconf 87' lang='lat' dir='ltr'><strong>insinuaret</strong></span> <span class='ocrx_word' id='word_1_239' title='bbox 841 3596 945 3661; x_wconf 85' lang='lat' dir='ltr'><strong>multa</strong></span> <span class='ocrx_word' id='word_1_240' title='bbox 962 3617 1003 3660; x_wconf 87' lang='lat' dir='ltr'><strong>ex</strong></span> <span class='ocrx_word' id='word_1_241' title='bbox 1020 3597 1091 3681; x_wconf 88' lang='lat' dir='ltr'><strong>ejus</strong></span> <span class='ocrx_word' id='word_1_242' title='bbox 1107 3595 1244 3658; x_wconf 88' lang='lat' dir='ltr'><strong>arbitrio</strong></span> 
     </span>
     <span class='ocr_line' id='line_1_33' title="bbox 136 3689 1245 3782; baseline 0 -27"><span class='ocrx_word' id='word_1_243' title='bbox 136 3699 161 3750; x_wconf 77' lang='lat' dir='ltr'><strong>et</strong></span> <span class='ocrx_word' id='word_1_244' title='bbox 181 3689 357 3760; x_wconf 89' lang='lat' dir='ltr'><strong>directione</strong></span> <span class='ocrx_word' id='word_1_245' title='bbox 382 3696 536 3780; x_wconf 90' lang='lat' dir='ltr'><strong>pendere.</strong></span> <span class='ocrx_word' id='word_1_246' title='bbox 584 3697 623 3760; x_wconf 94' lang='lat' dir='ltr'><strong>Id</strong></span> <span class='ocrx_word' id='word_1_247' title='bbox 648 3698 783 3782; x_wconf 91' lang='lat' dir='ltr'><strong>quidem</strong></span> <span class='ocrx_word' id='word_1_248' title='bbox 807 3697 849 3763; x_wconf 87' lang='lat' dir='ltr'><strong>ab</strong></span> <span class='ocrx_word' id='word_1_249' title='bbox 873 3693 1064 3759; x_wconf 90' lang='lat' dir='ltr'><strong>hominibus</strong></span> <span class='ocrx_word' id='word_1_250' title='bbox 1089 3693 1179 3757; x_wconf 91' lang='lat' dir='ltr'><strong>omni</strong></span> <span class='ocrx_word' id='word_1_251' title='bbox 1203 3712 1245 3755; x_wconf 86' lang='lat' dir='ltr'><strong>ex</strong></span> 
     </span>
     <span class='ocr_line' id='line_1_34' title="bbox 136 3790 1245 3881; baseline 0.004 -31"><span class='ocrx_word' id='word_1_252' title='bbox 136 3800 215 3867; x_wconf 86' lang='lat' dir='ltr'><strong>parte</strong></span> <span class='ocrx_word' id='word_1_253' title='bbox 244 3793 397 3880; x_wconf 87' lang='lat' dir='ltr'><strong>perfectis</strong></span> <span class='ocrx_word' id='word_1_254' title='bbox 429 3803 461 3860; x_wconf 90' lang='lat' dir='ltr'><strong>et</strong></span> <span class='ocrx_word' id='word_1_255' title='bbox 493 3795 627 3881; x_wconf 89' lang='lat' dir='ltr'><strong>optimis</strong></span> <span class='ocrx_word' id='word_1_256' title='bbox 650 3793 796 3857; x_wconf 88' lang='lat' dir='ltr'><strong>alienum</strong></span> <span class='ocrx_word' id='word_1_257' title='bbox 822 3806 879 3876; x_wconf 79' lang='lat' dir='ltr'><strong>est,</strong></span> <span class='ocrx_word' id='word_1_258' title='bbox 914 3793 971 3857; x_wconf 91' lang='lat' dir='ltr'><strong>sed</strong></span> <span class='ocrx_word' id='word_1_259' title='bbox 995 3791 1076 3856; x_wconf 88' lang='lat' dir='ltr'><strong>tales</strong></span> <span class='ocrx_word' id='word_1_260' title='bbox 1100 3793 1159 3853; x_wconf 86' lang='lat' dir='ltr'><strong>vix</strong></span> <span class='ocrx_word' id='word_1_261' title='bbox 1183 3790 1245 3854; x_wconf 89' lang='lat' dir='ltr'><strong>sub</strong></span> 
     </span>
     <span class='ocr_line' id='line_1_35' title="bbox 137 3883 1245 3974; baseline 0.006 -31"><span class='ocrx_word' id='word_1_262' title='bbox 137 3883 193 3949; x_wconf 87' lang='lat' dir='ltr'><strong>sole</strong></span> <span class='ocrx_word' id='word_1_263' title='bbox 216 3891 449 3974; x_wconf 78' lang='lat' dir='ltr'><strong>inveniuntur3</strong></span> <span class='ocrx_word' id='word_1_264' title='bbox 487 3893 522 3955; x_wconf 91' lang='lat' dir='ltr'><strong>in</strong></span> <span class='ocrx_word' id='word_1_265' title='bbox 553 3891 627 3955; x_wconf 89' lang='lat' dir='ltr'><strong>aliis</strong></span> <span class='ocrx_word' id='word_1_266' title='bbox 658 3902 768 3956; x_wconf 88' lang='lat' dir='ltr'><strong>autem</strong></span> <span class='ocrx_word' id='word_1_267' title='bbox 794 3893 892 3954; x_wconf 87' lang='lat' dir='ltr'><strong>etiam</strong></span> <span class='ocrx_word' id='word_1_268' title='bbox 919 3890 1015 3954; x_wconf 85' lang='lat' dir='ltr'><strong>valde</strong></span> <span class='ocrx_word' id='word_1_269' title='bbox 1044 3888 1149 3968; x_wconf 86' lang='lat' dir='ltr'><strong>bonis,</strong></span> <span class='ocrx_word' id='word_1_270' title='bbox 1188 3889 1245 3972; x_wconf 91' lang='lat' dir='ltr'><strong>qui</strong></span> 
     </span>
    </p>
   </div>
   <div class='ocr_carea' id='block_1_5' title="bbox 141 3984 1247 4087">
    <p class='ocr_par' dir='ltr' id='par_1_6' title="bbox 141 3984 1247 4087">
     <span class='ocr_line' id='line_1_36' title="bbox 141 3984 1247 4087; baseline 0.005 -45"><span class='ocrx_word' id='word_1_271' title='bbox 141 3987 252 4051; x_wconf 88' lang='lat' dir='ltr'><strong>meritis</strong></span> <span class='ocrx_word' id='word_1_272' title='bbox 277 4000 309 4051; x_wconf 88' lang='lat' dir='ltr'><strong>et</strong></span> <span class='ocrx_word' id='word_1_273' title='bbox 333 3988 495 4073; x_wconf 88' lang='lat' dir='ltr'><strong>dignitate</strong></span> <span class='ocrx_word' id='word_1_274' title='bbox 518 3999 696 4076; x_wconf 85' lang='lat' dir='ltr'><strong>praestant,</strong></span> <span class='ocrx_word' id='word_1_275' title='bbox 724 3987 780 4052; x_wconf 90' lang='lat' dir='ltr'><strong>bio</strong></span> <span class='ocrx_word' id='word_1_276' title='bbox 804 3989 951 4052; x_wconf 86' lang='lat' dir='ltr'><strong>defectus</strong></span> <span class='ocrx_word' id='word_1_277' title='bbox 965 3986 1076 4087; x_wconf 27' lang='lat' dir='ltr'><strong>,facile</strong></span> <span class='ocrx_word' id='word_1_278' title='bbox 1100 3984 1247 4050; x_wconf 87' lang='lat' dir='ltr'><strong>animad-</strong></span> 
     </span>
    </p>
   </div>
   <div class='ocr_carea' id='block_1_6' title="bbox 141 4141 335 4158">
    <p class='ocr_par' dir='ltr' id='par_1_7' title="bbox 141 4141 335 4158">
     <span class='ocr_line' id='line_1_37' title="bbox 141 4141 335 4158; baseline 0 0"><span class='ocrx_word' id='word_1_279' title='bbox 141 4141 335 4158; x_wconf 38' lang='grc' dir='ltr'><strong>χ*-</strong></span> 
     </span>
    </p>
   </div>
   <div class='ocr_carea' id='block_1_7' title="bbox 201 4250 746 4310">
    <p class='ocr_par' dir='ltr' id='par_1_8' title="bbox 201 4250 746 4310">
     <span class='ocr_line' id='line_1_38' title="bbox 201 4250 746 4310; baseline 0 0"><span class='ocrx_word' id='word_1_280' title='bbox 201 4251 220 4310; x_wconf 89' lang='lat' dir='ltr'><strong>¹l</strong></span> <span class='ocrx_word' id='word_1_281' title='bbox 237 4253 367 4310; x_wconf 73' lang='lat' dir='ltr'><strong>Paliuris</strong></span> <span class='ocrx_word' id='word_1_282' title='bbox 386 4254 417 4309; x_wconf 78' lang='lat' dir='ltr'>L</span> <span class='ocrx_word' id='word_1_283' title='bbox 437 4254 511 4308; x_wconf 78' lang='lat' dir='ltr'>XIX.</span> <span class='ocrx_word' id='word_1_284' title='bbox 533 4253 561 4309; x_wconf 77' lang='lat' dir='ltr'><strong>O.</strong></span> <span class='ocrx_word' id='word_1_285' title='bbox 580 4250 655 4309; x_wconf 83' lang='lat' dir='ltr'>XVI.</span> <span class='ocrx_word' id='word_1_286' title='bbox 674 4269 701 4306; x_wconf 92' lang='lat' dir='ltr'><strong>n.</strong></span> <span class='ocrx_word' id='word_1_287' title='bbox 721 4255 746 4310; x_wconf 90' lang='grc'><strong>9.</strong></span> 
     </span>
    </p>
   </div>
   <div class='ocr_carea' id='block_1_8' title="bbox 0 0 1652 4900">
    <p class='ocr_par' dir='ltr' id='par_1_9' title="bbox 0 0 1652 4900">
     <span class='ocr_line' id='line_1_39' title="bbox 0 0 1652 4900; baseline 0 0"><span class='ocrx_word' id='word_1_288' title='bbox 0 0 1652 4900; x_wconf 95' lang='lat' dir='ltr'><strong> </strong></span> 
     </span>
    </p>
   </div>
  </div>
 </body>
</html>
