<?xml version="1.0" encoding="UTF-8"?>
<!DOCTYPE html PUBLIC "-//W3C//DTD XHTML 1.0 Transitional//EN"
    "http://www.w3.org/TR/xhtml1/DTD/xhtml1-transitional.dtd">
<html xmlns="http://www.w3.org/1999/xhtml" xml:lang="en" lang="en">
 <head>
  <title>
</title>
<meta http-equiv="Content-Type" content="text/html;charset=utf-8" />
  <meta name='ocr-system' content='tesseract 3.04.00' />
  <meta name='ocr-capabilities' content='ocr_page ocr_carea ocr_par ocr_line ocrx_word'/>
</head>
<body>
  <div class='ocr_page' id='page_1' title='image "./dissertationess03junggoog_0043.png"; bbox 0 0 3034 4894; ppageno 0'>
   <div class='ocr_carea' id='block_1_1' title="bbox 306 476 1300 545">
    <p class='ocr_par' dir='ltr' id='par_1_1' title="bbox 306 476 1300 545">
     <span class='ocr_line' id='line_1_1' title="bbox 306 476 1300 545; baseline -0.001 -12"><span class='ocrx_word' id='word_1_1' title='bbox 306 480 341 534; x_wconf 82' lang='lat'>30</span> <span class='ocrx_word' id='word_1_2' title='bbox 431 477 572 534; x_wconf 85' lang='lat' dir='ltr'>XXXVII.</span> <span class='ocrx_word' id='word_1_3' title='bbox 592 477 632 531; x_wconf 90' lang='lat' dir='ltr'>De</span> <span class='ocrx_word' id='word_1_4' title='bbox 650 477 738 531; x_wconf 88' lang='lat' dir='ltr'>initiis</span> <span class='ocrx_word' id='word_1_5' title='bbox 757 493 788 530; x_wconf 92' lang='lat' dir='ltr'>ac</span> <span class='ocrx_word' id='word_1_6' title='bbox 806 477 839 531; x_wconf 86' lang='lat' dir='ltr'>de</span> <span class='ocrx_word' id='word_1_7' title='bbox 858 492 969 545; x_wconf 80' lang='lat' dir='ltr'>propag.</span> <span class='ocrx_word' id='word_1_8' title='bbox 989 476 1300 544; x_wconf 85' lang='lat' dir='ltr'>pseudoreformationis.</span> 
     </span>
    </p>
   </div>
   <div class='ocr_carea' id='block_1_2' title="bbox 305 619 1503 1197">
    <p class='ocr_par' dir='ltr' id='par_1_2' title="bbox 305 619 1503 1197">
     <span class='ocr_line' id='line_1_2' title="bbox 306 619 1434 706; baseline -0.003 -22"><span class='ocrx_word' id='word_1_9' title='bbox 306 619 389 685; x_wconf 93' lang='lat' dir='ltr'>illud</span> <span class='ocrx_word' id='word_1_10' title='bbox 413 621 561 684; x_wconf 89' lang='lat' dir='ltr'>medium</span> <span class='ocrx_word' id='word_1_11' title='bbox 584 643 650 706; x_wconf 92' lang='lat' dir='ltr'>quo</span> <span class='ocrx_word' id='word_1_12' title='bbox 675 621 831 684; x_wconf 80' lang='lat' dir='ltr'><strong>Pontifex</strong></span> <span class='ocrx_word' id='word_1_13' title='bbox 855 643 934 684; x_wconf 88' lang='lat' dir='ltr'>usus</span> <span class='ocrx_word' id='word_1_14' title='bbox 958 631 1006 684; x_wconf 90' lang='lat' dir='ltr'>est</span> <span class='ocrx_word' id='word_1_15' title='bbox 1030 619 1204 704; x_wconf 76' lang='lat' dir='ltr'>legationis</span> <span class='ocrx_word' id='word_1_16' title='bbox 1228 619 1271 684; x_wconf 89' lang='lat' dir='ltr'>ad</span> <span class='ocrx_word' id='word_1_17' title='bbox 1296 629 1434 704; x_wconf 88' lang='lat' dir='ltr'>septem·</span> 
     </span>
     <span class='ocr_line' id='line_1_3' title="bbox 306 717 1434 804; baseline -0.003 -23"><span class='ocrx_word' id='word_1_18' title='bbox 306 720 416 782; x_wconf 89' lang='lat' dir='ltr'>virum</span> <span class='ocrx_word' id='word_1_19' title='bbox 451 719 553 783; x_wconf 89' lang='lat' dir='ltr'>veluti</span> <span class='ocrx_word' id='word_1_20' title='bbox 589 719 687 782; x_wconf 89' lang='lat' dir='ltr'>unice</span> <span class='ocrx_word' id='word_1_21' title='bbox 727 740 909 804; x_wconf 84' lang='lat' dir='ltr'>congruum</span> <span class='ocrx_word' id='word_1_22' title='bbox 947 717 1138 803; x_wconf 77' lang='lat' dir='ltr'><strong>apparebat.</strong></span> <span class='ocrx_word' id='word_1_23' title='bbox 1193 719 1309 802; x_wconf 90' lang='lat' dir='ltr'>Neque</span> <span class='ocrx_word' id='word_1_24' title='bbox 1345 718 1434 779; x_wconf 88' lang='lat' dir='ltr'>enirn</span> 
     </span>
     <span class='ocr_line' id='line_1_4' title="bbox 305 813 1434 899; baseline -0.004 -19"><span class='ocrx_word' id='word_1_25' title='bbox 305 825 414 880; x_wconf 85' lang='lat' dir='ltr'>tutum</span> <span class='ocrx_word' id='word_1_26' title='bbox 448 816 625 880; x_wconf 88' lang='lat' dir='ltr'>videbatur</span> <span class='ocrx_word' id='word_1_27' title='bbox 657 816 744 881; x_wconf 90' lang='lat' dir='ltr'>illico</span> <span class='ocrx_word' id='word_1_28' title='bbox 777 819 811 880; x_wconf 92' lang='lat' dir='ltr'>in</span> <span class='ocrx_word' id='word_1_29' title='bbox 845 814 1026 880; x_wconf 80' lang='lat' dir='ltr'>Germania</span> <span class='ocrx_word' id='word_1_30' title='bbox 1059 815 1247 881; x_wconf 80' lang='lat' dir='ltr'>Concilium</span> <span class='ocrx_word' id='word_1_31' title='bbox 1280 813 1434 899; x_wconf 86' lang='lat' dir='ltr'>generale</span> 
     </span>
     <span class='ocr_line' id='line_1_5' title="bbox 307 912 1435 1001; baseline -0.003 -23"><span class='ocrx_word' id='word_1_32' title='bbox 307 937 500 994; x_wconf 86' lang='lat' dir='ltr'>convocare,</span> <span class='ocrx_word' id='word_1_33' title='bbox 534 915 696 1001; x_wconf 83' lang='lat' dir='ltr'>valdeque</span> <span class='ocrx_word' id='word_1_34' title='bbox 730 914 870 979; x_wconf 91' lang='lat' dir='ltr'>dubium</span> <span class='ocrx_word' id='word_1_35' title='bbox 903 925 982 996; x_wconf 85' lang='lat' dir='ltr'>erat,</span> <span class='ocrx_word' id='word_1_36' title='bbox 1015 938 1058 978; x_wconf 88' lang='lat' dir='ltr'>an</span> <span class='ocrx_word' id='word_1_37' title='bbox 1091 914 1149 978; x_wconf 86' lang='lat' dir='ltr'>tali</span> <span class='ocrx_word' id='word_1_38' title='bbox 1185 913 1283 977; x_wconf 93' lang='lat' dir='ltr'>modo</span> <span class='ocrx_word' id='word_1_39' title='bbox 1316 912 1435 992; x_wconf 82' lang='lat' dir='ltr'>turbae</span> 
     </span>
     <span class='ocr_line' id='line_1_6' title="bbox 308 1012 1503 1099; baseline -0.005 -23"><span class='ocrx_word' id='word_1_40' title='bbox 308 1014 475 1099; x_wconf 86' lang='lat' dir='ltr'>exstingui</span> <span class='ocrx_word' id='word_1_41' title='bbox 500 1024 642 1098; x_wconf 79' lang='lat' dir='ltr'>possent,</span> <span class='ocrx_word' id='word_1_42' title='bbox 690 1012 844 1077; x_wconf 87' lang='lat' dir='ltr'>Miltitius</span> <span class='ocrx_word' id='word_1_43' title='bbox 875 1023 988 1076; x_wconf 85' lang='lat' dir='ltr'>tamen</span> <span class='ocrx_word' id='word_1_44' title='bbox 1019 1013 1178 1096; x_wconf 86' lang='lat' dir='ltr'>gravibus</span> <span class='ocrx_word' id='word_1_45' title='bbox 1210 1013 1354 1096; x_wconf 87' lang='lat' dir='ltr'>negotiis</span> <span class='ocrx_word' id='word_1_46' title='bbox 1386 1031 1434 1093; x_wconf 84' lang='lat' dir='ltr'>ge·</span> <span class='ocrx_word' id='word_1_47' title='bbox 1502 1023 1503 1070; x_wconf 78' lang='lat' dir='ltr'>l</span> 
     </span>
     <span class='ocr_line' id='line_1_7' title="bbox 306 1111 967 1197; baseline 0 -22"><span class='ocrx_word' id='word_1_48' title='bbox 306 1111 420 1175; x_wconf 91' lang='lat' dir='ltr'>rendis</span> <span class='ocrx_word' id='word_1_49' title='bbox 444 1113 554 1176; x_wconf 91' lang='lat' dir='ltr'>minus</span> <span class='ocrx_word' id='word_1_50' title='bbox 578 1121 675 1197; x_wconf 89' lang='lat' dir='ltr'>aptus</span> <span class='ocrx_word' id='word_1_51' title='bbox 700 1133 769 1174; x_wconf 92' lang='lat' dir='ltr'>esse</span> <span class='ocrx_word' id='word_1_52' title='bbox 794 1113 885 1174; x_wconf 91' lang='lat' dir='ltr'>visus</span> <span class='ocrx_word' id='word_1_53' title='bbox 909 1121 967 1176; x_wconf 86' lang='lat' dir='ltr'>est.</span> 
     </span>
    </p>
   </div>
   <div class='ocr_carea' id='block_1_3' title="bbox 162 1225 1507 3469">
    <p class='ocr_par' dir='ltr' id='par_1_3' title="bbox 162 1225 1507 3469">
     <span class='ocr_line' id='line_1_8' title="bbox 164 1225 1435 1310; baseline -0.002 -21"><span class='ocrx_word' id='word_1_54' title='bbox 164 1240 275 1279; x_wconf 66' lang='lat' dir='ltr'>ancora</span> <span class='ocrx_word' id='word_1_55' title='bbox 398 1227 450 1293; x_wconf 76' lang='lat'>29.</span> <span class='ocrx_word' id='word_1_56' title='bbox 498 1227 631 1291; x_wconf 81' lang='lat' dir='ltr'>Elector</span> <span class='ocrx_word' id='word_1_57' title='bbox 659 1227 825 1292; x_wconf 85' lang='lat' dir='ltr'>Saxoniae</span> <span class='ocrx_word' id='word_1_58' title='bbox 854 1226 1000 1310; x_wconf 82' lang='lat' dir='ltr'>legatum</span> <span class='ocrx_word' id='word_1_59' title='bbox 1034 1226 1206 1290; x_wconf 87' lang='lat' dir='ltr'>Pontificis</span> <span class='ocrx_word' id='word_1_60' title='bbox 1237 1247 1359 1310; x_wconf 89' lang='lat' dir='ltr'>parum</span> <span class='ocrx_word' id='word_1_61' title='bbox 1384 1225 1435 1288; x_wconf 92' lang='lat' dir='ltr'>ho-</span> 
     </span>
     <span class='ocr_line' id='line_1_9' title="bbox 162 1303 1434 1410; baseline 0.001 -24"><span class='ocrx_word' id='word_1_62' title='bbox 162 1303 283 1352; x_wconf 62' lang='lat'>⁹¹⁰¹⁸⁰³¹⁰&#39;</span> <span class='ocrx_word' id='word_1_63' title='bbox 308 1324 444 1388; x_wconf 87' lang='lat' dir='ltr'>norifice</span> <span class='ocrx_word' id='word_1_64' title='bbox 468 1327 610 1409; x_wconf 82' lang='lat' dir='ltr'>excepit,</span> <span class='ocrx_word' id='word_1_65' title='bbox 635 1347 697 1388; x_wconf 91' lang='lat' dir='ltr'>nec</span> <span class='ocrx_word' id='word_1_66' title='bbox 722 1325 884 1388; x_wconf 88' lang='lat' dir='ltr'>dimoveri</span> <span class='ocrx_word' id='word_1_67' title='bbox 909 1327 1016 1409; x_wconf 89' lang='lat' dir='ltr'>potuit</span> <span class='ocrx_word' id='word_1_68' title='bbox 1033 1348 1052 1388; x_wconf 89' lang='lat' dir='ltr'>a</span> <span class='ocrx_word' id='word_1_69' title='bbox 1069 1326 1273 1410; x_wconf 89' lang='lat' dir='ltr'>protectione</span> <span class='ocrx_word' id='word_1_70' title='bbox 1284 1323 1434 1387; x_wconf 86' lang='lat' dir='ltr'>Lutheri.</span> 
     </span>
     <span class='ocr_line' id='line_1_10' title="bbox 307 1421 1504 1508; baseline 0.003 -24"><span class='ocrx_word' id='word_1_71' title='bbox 307 1422 408 1486; x_wconf 90' lang='lat' dir='ltr'>Haud</span> <span class='ocrx_word' id='word_1_72' title='bbox 432 1423 567 1508; x_wconf 90' lang='lat' dir='ltr'>quidem</span> <span class='ocrx_word' id='word_1_73' title='bbox 592 1422 769 1496; x_wconf 86' lang='lat' dir='ltr'>asserebat,</span> <span class='ocrx_word' id='word_1_74' title='bbox 799 1421 884 1486; x_wconf 91' lang='lat' dir='ltr'>velle</span> <span class='ocrx_word' id='word_1_75' title='bbox 909 1445 942 1486; x_wconf 92' lang='lat' dir='ltr'>se</span> <span class='ocrx_word' id='word_1_76' title='bbox 965 1424 1050 1486; x_wconf 91' lang='lat' dir='ltr'>tueri</span> <span class='ocrx_word' id='word_1_77' title='bbox 1079 1421 1242 1508; x_wconf 91' lang='lat' dir='ltr'>quidquid</span> <span class='ocrx_word' id='word_1_78' title='bbox 1268 1421 1436 1484; x_wconf 92' lang='lat' dir='ltr'>Lutherus</span> <span class='ocrx_word' id='word_1_79' title='bbox 1503 1445 1504 1488; x_wconf 58' lang='lat' dir='ltr'>T</span> 
     </span>
     <span class='ocr_line' id='line_1_11' title="bbox 307 1516 1435 1605; baseline -0.001 -23"><span class='ocrx_word' id='word_1_80' title='bbox 307 1529 421 1582; x_wconf 90' lang='lat' dir='ltr'>contra</span> <span class='ocrx_word' id='word_1_81' title='bbox 445 1520 670 1604; x_wconf 86' lang='lat' dir='ltr'>indulgentias</span> <span class='ocrx_word' id='word_1_82' title='bbox 695 1516 885 1605; x_wconf 81' lang='lat' dir='ltr'>protulerat,</span> <span class='ocrx_word' id='word_1_83' title='bbox 917 1521 975 1585; x_wconf 88' lang='lat' dir='ltr'>sed</span> <span class='ocrx_word' id='word_1_84' title='bbox 1007 1520 1165 1605; x_wconf 82' lang='lat' dir='ltr'>negabat,</span> <span class='ocrx_word' id='word_1_85' title='bbox 1196 1519 1281 1582; x_wconf 90' lang='lat' dir='ltr'>velle</span> <span class='ocrx_word' id='word_1_86' title='bbox 1307 1541 1343 1582; x_wconf 91' lang='lat' dir='ltr'>se</span> <span class='ocrx_word' id='word_1_87' title='bbox 1369 1540 1435 1582; x_wconf 90' lang='lat' dir='ltr'>esse</span> 
     </span>
     <span class='ocr_line' id='line_1_12' title="bbox 302 1618 1435 1704; baseline 0 -24"><span class='ocrx_word' id='word_1_88' title='bbox 302 1618 452 1703; x_wconf 90' lang='lat' dir='ltr'>judicem</span> <span class='ocrx_word' id='word_1_89' title='bbox 477 1621 533 1704; x_wconf 92' lang='lat' dir='ltr'>qui</span> <span class='ocrx_word' id='word_1_90' title='bbox 558 1619 728 1683; x_wconf 89' lang='lat' dir='ltr'>hominem</span> <span class='ocrx_word' id='word_1_91' title='bbox 754 1619 926 1682; x_wconf 87' lang='lat' dir='ltr'>damnaret</span> <span class='ocrx_word' id='word_1_92' title='bbox 959 1621 1234 1704; x_wconf 87' lang='lat' dir='ltr'>opprimeretque.</span> <span class='ocrx_word' id='word_1_93' title='bbox 1282 1620 1335 1682; x_wconf 88' lang='lat' dir='ltr'>Ea</span> <span class='ocrx_word' id='word_1_94' title='bbox 1361 1640 1435 1680; x_wconf 82' lang='lat' dir='ltr'>vero</span> 
     </span>
     <span class='ocr_line' id='line_1_13' title="bbox 306 1715 1435 1794; baseline -0.001 -15"><span class='ocrx_word' id='word_1_95' title='bbox 306 1719 434 1780; x_wconf 90' lang='lat' dir='ltr'>ratione</span> <span class='ocrx_word' id='word_1_96' title='bbox 463 1727 594 1781; x_wconf 89' lang='lat' dir='ltr'>tantum</span> <span class='ocrx_word' id='word_1_97' title='bbox 625 1717 779 1780; x_wconf 86' lang='lat' dir='ltr'>licentiae</span> <span class='ocrx_word' id='word_1_98' title='bbox 804 1727 835 1780; x_wconf 93' lang='lat' dir='ltr'>et</span> <span class='ocrx_word' id='word_1_99' title='bbox 867 1718 1053 1781; x_wconf 84' lang='lat' dir='ltr'>securitatis</span> <span class='ocrx_word' id='word_1_100' title='bbox 1077 1716 1223 1782; x_wconf 87' lang='lat' dir='ltr'>Lutlrero</span> <span class='ocrx_word' id='word_1_101' title='bbox 1255 1715 1435 1794; x_wconf 83' lang='lat' dir='ltr'>tribuebat.</span> 
     </span>
     <span class='ocr_line' id='line_1_14' title="bbox 307 1815 1436 1900; baseline -0.002 -23"><span class='ocrx_word' id='word_1_102' title='bbox 307 1824 470 1900; x_wconf 88' lang='lat' dir='ltr'>quantum</span> <span class='ocrx_word' id='word_1_103' title='bbox 494 1817 573 1878; x_wconf 89' lang='lat' dir='ltr'>satis</span> <span class='ocrx_word' id='word_1_104' title='bbox 598 1825 677 1896; x_wconf 88' lang='lat' dir='ltr'>erat,</span> <span class='ocrx_word' id='word_1_105' title='bbox 703 1825 738 1878; x_wconf 93' lang='lat' dir='ltr'>ut</span> <span class='ocrx_word' id='word_1_106' title='bbox 763 1818 797 1878; x_wconf 94' lang='lat' dir='ltr'>in</span> <span class='ocrx_word' id='word_1_107' title='bbox 821 1815 1018 1878; x_wconf 82' lang='lat' dir='ltr'>Pontificem</span> <span class='ocrx_word' id='word_1_108' title='bbox 1044 1815 1230 1900; x_wconf 89' lang='lat' dir='ltr'>Sedemque</span> <span class='ocrx_word' id='word_1_109' title='bbox 1250 1815 1436 1878; x_wconf 81' lang='lat' dir='ltr'>Romanam</span> 
     </span>
     <span class='ocr_line' id='line_1_15' title="bbox 307 1910 1435 1998; baseline -0.001 -23"><span class='ocrx_word' id='word_1_110' title='bbox 307 1911 372 1976; x_wconf 88' lang='lat' dir='ltr'>tela</span> <span class='ocrx_word' id='word_1_111' title='bbox 403 1935 445 1975; x_wconf 87' lang='lat' dir='ltr'>ex</span> <span class='ocrx_word' id='word_1_112' title='bbox 477 1922 547 1976; x_wconf 88' lang='lat' dir='ltr'>tuto</span> <span class='ocrx_word' id='word_1_113' title='bbox 572 1913 785 1998; x_wconf 89' lang='lat' dir='ltr'>jacularetur.</span> <span class='ocrx_word' id='word_1_114' title='bbox 839 1915 920 1976; x_wconf 88' lang='lat' dir='ltr'>Erat</span> <span class='ocrx_word' id='word_1_115' title='bbox 951 1914 1014 1998; x_wconf 87' lang='lat' dir='ltr'>ipsi</span> <span class='ocrx_word' id='word_1_116' title='bbox 1048 1912 1214 1975; x_wconf 90' lang='lat' dir='ltr'>Lutherus</span> <span class='ocrx_word' id='word_1_117' title='bbox 1247 1922 1366 1997; x_wconf 86' lang='lat' dir='ltr'>gratus</span> <span class='ocrx_word' id='word_1_118' title='bbox 1397 1910 1435 1974; x_wconf 94' lang='lat' dir='ltr'>ob</span> 
     </span>
     <span class='ocr_line' id='line_1_16' title="bbox 307 2009 1434 2095; baseline 0 -23"><span class='ocrx_word' id='word_1_119' title='bbox 307 2010 466 2074; x_wconf 89' lang='lat' dir='ltr'>honorem</span> <span class='ocrx_word' id='word_1_120' title='bbox 476 2010 711 2075; x_wconf 87' lang='lat' dir='ltr'>Universitatis</span> <span class='ocrx_word' id='word_1_121' title='bbox 722 2011 1037 2095; x_wconf 61' lang='lat' dir='ltr'>wicenburgensis</span> <span class='ocrx_word' id='word_1_122' title='bbox 1046 2010 1087 2074; x_wconf 91' lang='lat' dir='ltr'>ab</span> <span class='ocrx_word' id='word_1_123' title='bbox 1099 2011 1251 2074; x_wconf 89' lang='lat' dir='ltr'>Electore</span> <span class='ocrx_word' id='word_1_124' title='bbox 1259 2009 1434 2090; x_wconf 64' lang='lat' dir='ltr'>fundatae,</span> 
     </span>
     <span class='ocr_line' id='line_1_17' title="bbox 307 2107 1434 2194; baseline 0 -24"><span class='ocrx_word' id='word_1_125' title='bbox 307 2119 477 2192; x_wconf 90' lang='lat' dir='ltr'>praeterea</span> <span class='ocrx_word' id='word_1_126' title='bbox 493 2131 569 2172; x_wconf 93' lang='lat' dir='ltr'>vero</span> <span class='ocrx_word' id='word_1_127' title='bbox 586 2109 671 2172; x_wconf 90' lang='lat' dir='ltr'>bene</span> <span class='ocrx_word' id='word_1_128' title='bbox 685 2110 757 2194; x_wconf 88' lang='lat' dir='ltr'>jam</span> <span class='ocrx_word' id='word_1_129' title='bbox 775 2108 1164 2190; x_wconf 88' lang='lat' dir='ltr'>advertitPallavicinus,</span> <span class='ocrx_word' id='word_1_130' title='bbox 1179 2131 1220 2171; x_wconf 88' lang='lat' dir='ltr'>ex</span> <span class='ocrx_word' id='word_1_131' title='bbox 1231 2108 1354 2172; x_wconf 89' lang='lat' dir='ltr'>litteris</span> <span class='ocrx_word' id='word_1_132' title='bbox 1364 2107 1434 2171; x_wconf 89' lang='lat' dir='ltr'>Ale·</span> 
     </span>
     <span class='ocr_line' id='line_1_18' title="bbox 308 2205 1506 2292; baseline 0 -24"><span class='ocrx_word' id='word_1_133' title='bbox 308 2206 404 2269; x_wconf 90' lang='lat' dir='ltr'>andri</span> <span class='ocrx_word' id='word_1_134' title='bbox 429 2206 526 2291; x_wconf 89' lang='lat' dir='ltr'>paulo</span> <span class='ocrx_word' id='word_1_135' title='bbox 552 2217 624 2292; x_wconf 94' lang='lat' dir='ltr'>post</span> <span class='ocrx_word' id='word_1_136' title='bbox 649 2209 684 2271; x_wconf 92' lang='lat' dir='ltr'>in</span> <span class='ocrx_word' id='word_1_137' title='bbox 699 2205 881 2270; x_wconf 85' lang='lat' dir='ltr'>Germania</span> <span class='ocrx_word' id='word_1_138' title='bbox 904 2207 1002 2291; x_wconf 87' lang='lat' dir='ltr'>legati</span> <span class='ocrx_word' id='word_1_139' title='bbox 1030 2208 1186 2290; x_wconf 90' lang='lat' dir='ltr'>comperi,</span> <span class='ocrx_word' id='word_1_140' title='bbox 1212 2206 1432 2280; x_wconf 83' lang='lat' dir='ltr'>Fridericum,</span> <span class='ocrx_word' id='word_1_141' title='bbox 1505 2249 1506 2290; x_wconf 55' lang='lat'>3</span> 
     </span>
     <span class='ocr_line' id='line_1_19' title="bbox 307 2291 1506 2391; baseline 0 -25"><span class='ocrx_word' id='word_1_142' title='bbox 307 2303 476 2368; x_wconf 88' lang='lat' dir='ltr'>hominem</span> <span class='ocrx_word' id='word_1_143' title='bbox 506 2304 653 2391; x_wconf 90' lang='lat' dir='ltr'>alioquin</span> <span class='ocrx_word' id='word_1_144' title='bbox 686 2308 789 2369; x_wconf 88' lang='lat' dir='ltr'>animi</span> <span class='ocrx_word' id='word_1_145' title='bbox 821 2327 887 2369; x_wconf 94' lang='lat' dir='ltr'>non</span> <span class='ocrx_word' id='word_1_146' title='bbox 919 2307 1030 2390; x_wconf 91' lang='lat' dir='ltr'>pravi,</span> <span class='ocrx_word' id='word_1_147' title='bbox 1061 2304 1244 2368; x_wconf 88' lang='lat' dir='ltr'>adductum</span> <span class='ocrx_word' id='word_1_148' title='bbox 1268 2305 1375 2370; x_wconf 81' lang='lat' dir='ltr'>fuisse</span> <span class='ocrx_word' id='word_1_149' title='bbox 1398 2303 1434 2368; x_wconf 90' lang='lat' dir='ltr'>ad</span> <span class='ocrx_word' id='word_1_150' title='bbox 1505 2291 1506 2296; x_wconf 8' lang='grc' dir='ltr'>ἵ</span> 
     </span>
     <span class='ocr_line' id='line_1_20' title="bbox 310 2401 1433 2488; baseline 0 -24"><span class='ocrx_word' id='word_1_151' title='bbox 310 2402 447 2466; x_wconf 90' lang='lat' dir='ltr'>Lutheri</span> <span class='ocrx_word' id='word_1_152' title='bbox 480 2405 702 2488; x_wconf 85' lang='lat' dir='ltr'>patrocinium</span> <span class='ocrx_word' id='word_1_153' title='bbox 735 2425 801 2466; x_wconf 92' lang='lat' dir='ltr'>non</span> <span class='ocrx_word' id='word_1_154' title='bbox 836 2403 932 2467; x_wconf 91' lang='lat' dir='ltr'>modo</span> <span class='ocrx_word' id='word_1_155' title='bbox 966 2401 1190 2466; x_wconf 90' lang='lat' dir='ltr'>consultorum</span> <span class='ocrx_word' id='word_1_156' title='bbox 1215 2401 1433 2478; x_wconf 75' lang='lat' dir='ltr'>suasionibus</span> 
     </span>
     <span class='ocr_line' id='line_1_21' title="bbox 308 2500 1434 2591; baseline -0.004 -25"><span class='ocrx_word' id='word_1_157' title='bbox 308 2501 366 2566; x_wconf 88' lang='lat' dir='ltr'>sed</span> <span class='ocrx_word' id='word_1_158' title='bbox 391 2501 549 2586; x_wconf 86' lang='lat' dir='ltr'>peculiari</span> <span class='ocrx_word' id='word_1_159' title='bbox 568 2503 721 2587; x_wconf 89' lang='lat' dir='ltr'>quamvis</span> <span class='ocrx_word' id='word_1_160' title='bbox 738 2501 902 2565; x_wconf 88' lang='lat' dir='ltr'>occultata</span> <span class='ocrx_word' id='word_1_161' title='bbox 919 2501 1149 2591; x_wconf 86' lang='lat' dir='ltr'>indignatione</span> <span class='ocrx_word' id='word_1_162' title='bbox 1167 2511 1236 2563; x_wconf 92' lang='lat' dir='ltr'>tam</span> <span class='ocrx_word' id='word_1_163' title='bbox 1252 2500 1434 2584; x_wconf 87' lang='lat' dir='ltr'>generatim</span> 
     </span>
     <span class='ocr_line' id='line_1_22' title="bbox 310 2597 1434 2685; baseline -0.004 -22"><span class='ocrx_word' id='word_1_164' title='bbox 310 2603 344 2664; x_wconf 94' lang='lat' dir='ltr'>in</span> <span class='ocrx_word' id='word_1_165' title='bbox 376 2599 501 2663; x_wconf 90' lang='lat' dir='ltr'>clerum</span> <span class='ocrx_word' id='word_1_166' title='bbox 536 2610 568 2662; x_wconf 91' lang='lat' dir='ltr'>et</span> <span class='ocrx_word' id='word_1_167' title='bbox 600 2601 793 2685; x_wconf 91' lang='lat' dir='ltr'>praesertim</span> <span class='ocrx_word' id='word_1_168' title='bbox 830 2599 1064 2682; x_wconf 84' lang='lat' dir='ltr'>Moguntinum</span> <span class='ocrx_word' id='word_1_169' title='bbox 1100 2599 1141 2662; x_wconf 92' lang='lat' dir='ltr'>ob</span> <span class='ocrx_word' id='word_1_170' title='bbox 1178 2598 1363 2682; x_wconf 88' lang='lat' dir='ltr'>quamdam</span> <span class='ocrx_word' id='word_1_171' title='bbox 1399 2597 1434 2660; x_wconf 91' lang='lat' dir='ltr'>de</span> 
     </span>
     <span class='ocr_line' id='line_1_23' title="bbox 309 2689 1507 2783; baseline -0.004 -21"><span class='ocrx_word' id='word_1_172' title='bbox 309 2698 432 2783; x_wconf 93' lang='lat' dir='ltr'>oppido</span> <span class='ocrx_word' id='word_1_173' title='bbox 446 2697 621 2761; x_wconf 89' lang='lat' dir='ltr'>Erfordiae</span> <span class='ocrx_word' id='word_1_174' title='bbox 645 2700 914 2779; x_wconf 90' lang='lat' dir='ltr'>controversiam,</span> <span class='ocrx_word' id='word_1_175' title='bbox 940 2720 1040 2782; x_wconf 88' lang='lat' dir='ltr'>quarn</span> <span class='ocrx_word' id='word_1_176' title='bbox 1064 2699 1099 2759; x_wconf 91' lang='lat' dir='ltr'>in</span> <span class='ocrx_word' id='word_1_177' title='bbox 1113 2695 1235 2759; x_wconf 88' lang='lat' dir='ltr'>Aulam</span> <span class='ocrx_word' id='word_1_178' title='bbox 1251 2696 1433 2759; x_wconf 86' lang='lat' dir='ltr'>Romanam</span> <span class='ocrx_word' id='word_1_179' title='bbox 1506 2689 1507 2714; x_wconf 45' lang='lat' dir='ltr'>l</span> 
     </span>
     <span class='ocr_line' id='line_1_24' title="bbox 212 2793 1434 2881; baseline -0.001 -25"><span class='ocrx_word' id='word_1_180' title='bbox 212 2852 218 2856; x_wconf 88' lang='lat'>.</span> <span class='ocrx_word' id='word_1_181' title='bbox 308 2795 351 2859; x_wconf 92' lang='lat' dir='ltr'>ob</span> <span class='ocrx_word' id='word_1_182' title='bbox 375 2807 489 2860; x_wconf 86' lang='lat' dir='ltr'>taxum</span> <span class='ocrx_word' id='word_1_183' title='bbox 513 2817 613 2881; x_wconf 90' lang='lat' dir='ltr'>quam</span> <span class='ocrx_word' id='word_1_184' title='bbox 637 2795 825 2881; x_wconf 88' lang='lat' dir='ltr'>persolvere</span> <span class='ocrx_word' id='word_1_185' title='bbox 850 2795 1019 2877; x_wconf 83' lang='lat' dir='ltr'>debuerat,</span> <span class='ocrx_word' id='word_1_186' title='bbox 1045 2817 1146 2881; x_wconf 91' lang='lat' dir='ltr'>quum</span> <span class='ocrx_word' id='word_1_187' title='bbox 1176 2793 1263 2857; x_wconf 88' lang='lat' dir='ltr'>lilius</span> <span class='ocrx_word' id='word_1_188' title='bbox 1288 2793 1434 2856; x_wconf 89' lang='lat' dir='ltr'>occultus</span> 
     </span>
     <span class='ocr_line' id='line_1_25' title="bbox 271 2893 1434 2979; baseline -0.005 -21"><span class='ocrx_word' id='word_1_189' title='bbox 271 2903 275 2914; x_wconf 87' lang='lat'>&#39;</span> <span class='ocrx_word' id='word_1_190' title='bbox 309 2917 348 2958; x_wconf 90' lang='lat' dir='ltr'>ac</span> <span class='ocrx_word' id='word_1_191' title='bbox 372 2895 492 2958; x_wconf 90' lang='lat' dir='ltr'>nothus</span> <span class='ocrx_word' id='word_1_192' title='bbox 516 2896 621 2979; x_wconf 91' lang='lat' dir='ltr'>ipsius</span> <span class='ocrx_word' id='word_1_193' title='bbox 645 2894 687 2958; x_wconf 90' lang='lat' dir='ltr'>ad</span> <span class='ocrx_word' id='word_1_194' title='bbox 712 2894 913 2958; x_wconf 89' lang='lat' dir='ltr'>beneficium</span> <span class='ocrx_word' id='word_1_195' title='bbox 936 2893 1070 2978; x_wconf 86' lang='lat' dir='ltr'>aliquod</span> <span class='ocrx_word' id='word_1_196' title='bbox 1088 2893 1355 2956; x_wconf 88' lang='lat' dir='ltr'>ecclesiasticum</span> <span class='ocrx_word' id='word_1_197' title='bbox 1370 2911 1434 2976; x_wconf 88' lang='lat' dir='ltr'>pro·</span> 
     </span>
     <span class='ocr_line' id='line_1_26' title="bbox 309 2991 1433 3071; baseline -0.004 -16"><span class='ocrx_word' id='word_1_198' title='bbox 309 3003 506 3056; x_wconf 89' lang='lat' dir='ltr'>moveretur.</span> <span class='ocrx_word' id='word_1_199' title='bbox 554 2993 628 3056; x_wconf 92' lang='lat' dir='ltr'>Hac</span> <span class='ocrx_word' id='word_1_200' title='bbox 656 2992 702 3055; x_wconf 63' lang='lat' dir='ltr'>,de</span> <span class='ocrx_word' id='word_1_201' title='bbox 734 3015 769 3055; x_wconf 91' lang='lat' dir='ltr'>re</span> <span class='ocrx_word' id='word_1_202' title='bbox 801 2993 945 3055; x_wconf 85' lang='lat' dir='ltr'>offensus</span> <span class='ocrx_word' id='word_1_203' title='bbox 969 3013 1006 3054; x_wconf 91' lang='lat' dir='ltr'>eo</span> <span class='ocrx_word' id='word_1_204' title='bbox 1031 2991 1196 3055; x_wconf 90' lang='lat' dir='ltr'>adductus</span> <span class='ocrx_word' id='word_1_205' title='bbox 1220 3000 1278 3071; x_wconf 90' lang='lat' dir='ltr'>est,</span> <span class='ocrx_word' id='word_1_206' title='bbox 1309 3001 1348 3053; x_wconf 93' lang='lat' dir='ltr'>ut</span> <span class='ocrx_word' id='word_1_207' title='bbox 1373 3011 1433 3052; x_wconf 88' lang='lat' dir='ltr'>cre·</span> 
     </span>
     <span class='ocr_line' id='line_1_27' title="bbox 310 3088 1433 3175; baseline -0.005 -21"><span class='ocrx_word' id='word_1_208' title='bbox 310 3091 401 3154; x_wconf 91' lang='lat' dir='ltr'>deret</span> <span class='ocrx_word' id='word_1_209' title='bbox 425 3092 592 3169; x_wconf 84' lang='lat' dir='ltr'>universa,</span> <span class='ocrx_word' id='word_1_210' title='bbox 624 3113 708 3175; x_wconf 89' lang='lat' dir='ltr'>quae</span> <span class='ocrx_word' id='word_1_211' title='bbox 734 3090 775 3153; x_wconf 91' lang='lat' dir='ltr'>de</span> <span class='ocrx_word' id='word_1_212' title='bbox 798 3090 948 3153; x_wconf 88' lang='lat' dir='ltr'>Romana</span> <span class='ocrx_word' id='word_1_213' title='bbox 972 3091 1114 3152; x_wconf 85' lang='lat' dir='ltr'>avaritia</span> <span class='ocrx_word' id='word_1_214' title='bbox 1139 3111 1196 3174; x_wconf 90' lang='lat' dir='ltr'>per</span> <span class='ocrx_word' id='word_1_215' title='bbox 1220 3088 1433 3151; x_wconf 87' lang='lat' dir='ltr'>immodicam</span> 
     </span>
     <span class='ocr_line' id='line_1_28' title="bbox 308 3187 1433 3274; baseline -0.004 -22"><span class='ocrx_word' id='word_1_216' title='bbox 308 3189 603 3274; x_wconf 87' lang='lat' dir='ltr'>amplificationem</span> <span class='ocrx_word' id='word_1_217' title='bbox 628 3188 862 3270; x_wconf 86' lang='lat' dir='ltr'>serebantur.¹)</span> <span class='ocrx_word' id='word_1_218' title='bbox 910 3187 976 3251; x_wconf 86' lang='lat' dir='ltr'>Sed</span> <span class='ocrx_word' id='word_1_219' title='bbox 1000 3190 1059 3251; x_wconf 85' lang='lat' dir='ltr'>vix</span> <span class='ocrx_word' id='word_1_220' title='bbox 1084 3187 1223 3251; x_wconf 91' lang='lat' dir='ltr'>dubium</span> <span class='ocrx_word' id='word_1_221' title='bbox 1255 3195 1313 3265; x_wconf 89' lang='lat' dir='ltr'>est,</span> <span class='ocrx_word' id='word_1_222' title='bbox 1349 3207 1433 3272; x_wconf 91' lang='lat' dir='ltr'>prae·</span> 
     </span>
     <span class='ocr_line' id='line_1_29' title="bbox 309 3284 1433 3372; baseline -0.003 -23"><span class='ocrx_word' id='word_1_223' title='bbox 309 3290 407 3371; x_wconf 88' lang='lat' dir='ltr'>cipue</span> <span class='ocrx_word' id='word_1_224' title='bbox 423 3286 642 3372; x_wconf 83' lang='lat' dir='ltr'>Spalatinum,</span> <span class='ocrx_word' id='word_1_225' title='bbox 668 3287 829 3351; x_wconf 88' lang='lat' dir='ltr'>Electoris</span> <span class='ocrx_word' id='word_1_226' title='bbox 854 3286 1062 3371; x_wconf 87' lang='lat' dir='ltr'>capellanum</span> <span class='ocrx_word' id='word_1_227' title='bbox 1079 3297 1111 3348; x_wconf 89' lang='lat' dir='ltr'>et</span> <span class='ocrx_word' id='word_1_228' title='bbox 1127 3284 1264 3349; x_wconf 91' lang='lat' dir='ltr'>Lutheri</span> <span class='ocrx_word' id='word_1_229' title='bbox 1290 3287 1433 3349; x_wconf 87' lang='lat' dir='ltr'>amicum</span> 
     </span>
     <span class='ocr_line' id='line_1_30' title="bbox 308 3383 1432 3469; baseline -0.002 -23"><span class='ocrx_word' id='word_1_230' title='bbox 308 3384 441 3448; x_wconf 87' lang='lat' dir='ltr'>influxu</span> <span class='ocrx_word' id='word_1_231' title='bbox 474 3405 532 3448; x_wconf 89' lang='lat' dir='ltr'>suo</span> <span class='ocrx_word' id='word_1_232' title='bbox 559 3384 767 3448; x_wconf 87' lang='lat' dir='ltr'>Fridericum</span> <span class='ocrx_word' id='word_1_233' title='bbox 798 3387 952 3465; x_wconf 88' lang='lat' dir='ltr'>movisse,</span> <span class='ocrx_word' id='word_1_234' title='bbox 985 3394 1021 3446; x_wconf 90' lang='lat' dir='ltr'>ut</span> <span class='ocrx_word' id='word_1_235' title='bbox 1053 3383 1099 3446; x_wconf 92' lang='lat' dir='ltr'>illi</span> <span class='ocrx_word' id='word_1_236' title='bbox 1131 3383 1432 3469; x_wconf 73' lang='lat' dir='ltr'>patrocinaretur·.²)</span> 
     </span>
    </p>
   </div>
   <div class='ocr_carea' id='block_1_4' title="bbox 308 3499 1432 3684">
    <p class='ocr_par' dir='ltr' id='par_1_4' title="bbox 308 3499 1432 3684">
     <span class='ocr_line' id='line_1_31' title="bbox 399 3499 1432 3586; baseline -0.005 -22"><span class='ocrx_word' id='word_1_237' title='bbox 399 3502 452 3565; x_wconf 86' lang='lat'>30.</span> <span class='ocrx_word' id='word_1_238' title='bbox 501 3501 614 3580; x_wconf 77' lang='lat' dir='ltr'>Quum</span> <span class='ocrx_word' id='word_1_239' title='bbox 639 3503 740 3586; x_wconf 86' lang='lat' dir='ltr'>igitur</span> <span class='ocrx_word' id='word_1_240' title='bbox 764 3500 1044 3564; x_wconf 87' lang='lat' dir='ltr'>animadverteret</span> <span class='ocrx_word' id='word_1_241' title='bbox 1060 3499 1222 3578; x_wconf 83' lang='lat' dir='ltr'>llliltitius,</span> <span class='ocrx_word' id='word_1_242' title='bbox 1248 3521 1317 3562; x_wconf 93' lang='lat' dir='ltr'>non</span> <span class='ocrx_word' id='word_1_243' title='bbox 1343 3519 1432 3584; x_wconf 91' lang='lat' dir='ltr'>posse</span> 
     </span>
     <span class='ocr_line' id='line_1_32' title="bbox 308 3595 1432 3684; baseline -0.004 -23"><span class='ocrx_word' id='word_1_244' title='bbox 308 3598 494 3663; x_wconf 89' lang='lat' dir='ltr'>Lutherum</span> <span class='ocrx_word' id='word_1_245' title='bbox 518 3598 572 3662; x_wconf 85' lang='lat' dir='ltr'>vel</span> <span class='ocrx_word' id='word_1_246' title='bbox 597 3599 638 3663; x_wconf 94' lang='lat' dir='ltr'>ob</span> <span class='ocrx_word' id='word_1_247' title='bbox 663 3601 855 3684; x_wconf 87' lang='lat' dir='ltr'>sequacium</span> <span class='ocrx_word' id='word_1_248' title='bbox 880 3620 1054 3661; x_wconf 91' lang='lat' dir='ltr'>numerum</span> <span class='ocrx_word' id='word_1_249' title='bbox 1080 3597 1215 3683; x_wconf 89' lang='lat' dir='ltr'>despici,</span> <span class='ocrx_word' id='word_1_250' title='bbox 1240 3595 1293 3660; x_wconf 90' lang='lat' dir='ltr'>vel</span> <span class='ocrx_word' id='word_1_251' title='bbox 1320 3597 1362 3660; x_wconf 94' lang='lat' dir='ltr'>ob</span> <span class='ocrx_word' id='word_1_252' title='bbox 1387 3618 1432 3659; x_wconf 90' lang='lat' dir='ltr'>ac-</span> 
     </span>
    </p>
   </div>
   <div class='ocr_carea' id='block_1_5' title="bbox 385 3846 1329 3917">
    <p class='ocr_par' dir='ltr' id='par_1_5' title="bbox 385 3846 1329 3917">
     <span class='ocr_line' id='line_1_33' title="bbox 385 3846 1329 3917; baseline 0 -16"><span class='ocrx_word' id='word_1_253' title='bbox 385 3848 404 3917; x_wconf 83' lang='grc'>1)</span> <span class='ocrx_word' id='word_1_254' title='bbox 423 3847 552 3904; x_wconf 86' lang='lat' dir='ltr'>Pallavic.</span> <span class='ocrx_word' id='word_1_255' title='bbox 572 3847 602 3901; x_wconf 83' lang='lat' dir='ltr'>L.</span> <span class='ocrx_word' id='word_1_256' title='bbox 622 3848 643 3901; x_wconf 91' lang='grc' dir='ltr'>Ι.</span> <span class='ocrx_word' id='word_1_257' title='bbox 664 3864 685 3901; x_wconf 85' lang='lat' dir='ltr'>c.</span> <span class='ocrx_word' id='word_1_258' title='bbox 706 3849 747 3900; x_wconf 86' lang='lat'>13.</span> <span class='ocrx_word' id='word_1_259' title='bbox 767 3864 792 3900; x_wconf 92' lang='lat' dir='ltr'>n.</span> <span class='ocrx_word' id='word_1_260' title='bbox 813 3849 837 3903; x_wconf 88' lang='lat'>6.</span> <span class='ocrx_word' id='word_1_261' title='bbox 858 3876 891 3886; x_wconf 89' lang='lat'><em>-</em></span> <span class='ocrx_word' id='word_1_262' title='bbox 911 3846 1007 3910; x_wconf 88' lang='lat' dir='ltr'>Balan‚</span> <span class='ocrx_word' id='word_1_263' title='bbox 1026 3847 1142 3900; x_wconf 87' lang='lat' dir='ltr'>Monum.</span> <span class='ocrx_word' id='word_1_264' title='bbox 1162 3846 1265 3901; x_wconf 88' lang='lat' dir='ltr'>docum.</span> <span class='ocrx_word' id='word_1_265' title='bbox 1286 3847 1329 3902; x_wconf 80' lang='lat'>12.</span> 
     </span>
    </p>
   </div>
   <div class='ocr_carea' id='block_1_6' title="bbox 308 3934 1432 4312">
    <p class='ocr_par' dir='ltr' id='par_1_6' title="bbox 308 3934 1432 4312">
     <span class='ocr_line' id='line_1_34' title="bbox 384 3934 1424 4005; baseline -0.005 -14"><span class='ocrx_word' id='word_1_266' title='bbox 384 3937 407 4005; x_wconf 70' lang='grc'>2)</span> <span class='ocrx_word' id='word_1_267' title='bbox 427 3937 561 4005; x_wconf 84' lang='lat' dir='ltr'>Georgius</span> <span class='ocrx_word' id='word_1_268' title='bbox 579 3937 734 4001; x_wconf 86' lang='lat' dir='ltr'>Burkhard,</span> <span class='ocrx_word' id='word_1_269' title='bbox 763 3953 780 3989; x_wconf 88' lang='lat' dir='ltr'>a</span> <span class='ocrx_word' id='word_1_270' title='bbox 803 3936 860 3989; x_wconf 90' lang='lat' dir='ltr'>loco</span> <span class='ocrx_word' id='word_1_271' title='bbox 885 3936 972 3988; x_wconf 85' lang='lat' dir='ltr'>natali</span> <span class='ocrx_word' id='word_1_272' title='bbox 998 3935 1074 4002; x_wconf 83' lang='lat' dir='ltr'>Spalt</span> <span class='ocrx_word' id='word_1_273' title='bbox 1102 3935 1190 3987; x_wconf 85' lang='lat' dir='ltr'>dictus</span> <span class='ocrx_word' id='word_1_274' title='bbox 1214 3934 1380 4002; x_wconf 77' lang='lat' dir='ltr'>Spoletinus,</span> <span class='ocrx_word' id='word_1_275' title='bbox 1408 3949 1424 3984; x_wconf 91' lang='lat' dir='ltr'>n</span> 
     </span>
     <span class='ocr_line' id='line_1_35' title="bbox 308 4012 1432 4085; baseline -0.005 -14"><span class='ocrx_word' id='word_1_276' title='bbox 308 4033 334 4074; x_wconf 83' lang='lat' dir='ltr'>a.</span> <span class='ocrx_word' id='word_1_277' title='bbox 356 4017 427 4071; x_wconf 79' lang='lat'>1484</span> <span class='ocrx_word' id='word_1_278' title='bbox 450 4017 478 4070; x_wconf 94' lang='lat' dir='ltr'>in</span> <span class='ocrx_word' id='word_1_279' title='bbox 498 4018 595 4070; x_wconf 88' lang='lat' dir='ltr'>studiis</span> <span class='ocrx_word' id='word_1_280' title='bbox 614 4018 776 4085; x_wconf 84' lang='lat' dir='ltr'>peragendis</span> <span class='ocrx_word' id='word_1_281' title='bbox 795 4016 910 4070; x_wconf 88' lang='lat' dir='ltr'>Lutheri</span> <span class='ocrx_word' id='word_1_282' title='bbox 929 4015 1029 4069; x_wconf 89' lang='lat' dir='ltr'>sodalis</span> <span class='ocrx_word' id='word_1_283' title='bbox 1053 4013 1153 4070; x_wconf 84' lang='lat' dir='ltr'>fuerat.</span> <span class='ocrx_word' id='word_1_284' title='bbox 1191 4015 1269 4067; x_wconf 85' lang='lat' dir='ltr'>Anno</span> <span class='ocrx_word' id='word_1_285' title='bbox 1291 4013 1360 4068; x_wconf 82' lang='lat'>1514</span> <span class='ocrx_word' id='word_1_286' title='bbox 1378 4012 1432 4065; x_wconf 84' lang='lat' dir='ltr'>Fri·</span> 
     </span>
     <span class='ocr_line' id='line_1_36' title="bbox 309 4093 1431 4164; baseline -0.005 -14"><span class='ocrx_word' id='word_1_287' title='bbox 309 4097 395 4151; x_wconf 88' lang='lat' dir='ltr'>derici</span> <span class='ocrx_word' id='word_1_288' title='bbox 413 4097 546 4151; x_wconf 85' lang='lat' dir='ltr'>Electoris</span> <span class='ocrx_word' id='word_1_289' title='bbox 565 4097 719 4164; x_wconf 87' lang='lat' dir='ltr'>capellanus</span> <span class='ocrx_word' id='word_1_290' title='bbox 739 4103 767 4150; x_wconf 88' lang='lat' dir='ltr'>et</span> <span class='ocrx_word' id='word_1_291' title='bbox 785 4096 948 4150; x_wconf 86' lang='lat' dir='ltr'>secretarius</span> <span class='ocrx_word' id='word_1_292' title='bbox 976 4095 1072 4160; x_wconf 84' lang='lat' dir='ltr'>factus,</span> <span class='ocrx_word' id='word_1_293' title='bbox 1101 4110 1229 4162; x_wconf 84' lang='lat' dir='ltr'>magnum</span> <span class='ocrx_word' id='word_1_294' title='bbox 1257 4093 1388 4146; x_wconf 82' lang='lat' dir='ltr'>influxurn</span> <span class='ocrx_word' id='word_1_295' title='bbox 1406 4093 1431 4144; x_wconf 90' lang='lat' dir='ltr'>in</span> 
     </span>
     <span class='ocr_line' id='line_1_37' title="bbox 310 4171 1430 4245; baseline -0.005 -15"><span class='ocrx_word' id='word_1_296' title='bbox 310 4177 385 4231; x_wconf 89' lang='lat' dir='ltr'>illurn</span> <span class='ocrx_word' id='word_1_297' title='bbox 405 4176 558 4242; x_wconf 87' lang='lat' dir='ltr'>acquisivit.</span> <span class='ocrx_word' id='word_1_298' title='bbox 584 4178 698 4231; x_wconf 91' lang='lat' dir='ltr'>Lutheri</span> <span class='ocrx_word' id='word_1_299' title='bbox 717 4194 795 4245; x_wconf 90' lang='lat' dir='ltr'>porro</span> <span class='ocrx_word' id='word_1_300' title='bbox 814 4193 922 4231; x_wconf 86' lang='lat' dir='ltr'>causam</span> <span class='ocrx_word' id='word_1_301' title='bbox 941 4176 1020 4229; x_wconf 87' lang='lat' dir='ltr'>valde</span> <span class='ocrx_word' id='word_1_302' title='bbox 1038 4176 1179 4243; x_wconf 85' lang='lat' dir='ltr'>promovit,</span> <span class='ocrx_word' id='word_1_303' title='bbox 1200 4179 1306 4227; x_wconf 87' lang='lat' dir='ltr'>etcum</span> <span class='ocrx_word' id='word_1_304' title='bbox 1325 4173 1382 4241; x_wconf 90' lang='lat' dir='ltr'>ipso</span> <span class='ocrx_word' id='word_1_305' title='bbox 1400 4171 1430 4224; x_wconf 90' lang='lat' dir='ltr'>ab</span> 
     </span>
     <span class='ocr_line' id='line_1_38' title="bbox 310 4255 558 4312; baseline 0.012 -3"><span class='ocrx_word' id='word_1_306' title='bbox 310 4257 431 4311; x_wconf 85' lang='lat' dir='ltr'>Ecclesia</span> <span class='ocrx_word' id='word_1_307' title='bbox 450 4255 558 4312; x_wconf 82' lang='lat' dir='ltr'>defecit.</span> 
     </span>
    </p>
   </div>
   <div class='ocr_carea' id='block_1_7' title="bbox 0 0 1523 4894">
    <p class='ocr_par' dir='ltr' id='par_1_7' title="bbox 0 0 1523 4894">
     <span class='ocr_line' id='line_1_39' title="bbox 0 0 1523 4894; baseline 0 0"><span class='ocrx_word' id='word_1_308' title='bbox 0 0 1523 4894; x_wconf 95' lang='lat' dir='ltr'> </span> 
     </span>
    </p>
   </div>
  </div>
 </body>
</html>
