3336 4908
306 492 345 545 De
362 492 526 547 Jausenismi
545 490 651 560 origiue
670 466 699 545 et
716 506 868 562 progressu.
1094 491 1143 544 231

48 635 240 718 praejudiciis
256 635 556 720 imbutum-passim
571 636 649 698 satis
663 635 896 698 manifestavit.
933 635 1059 698 Verum
1076 633 1144 696 nul-

47 730 156 796 latenus
178 733 301 822 adsunt
323 736 467 798 rationes
491 742 527 797 ut
550 742 721 812 statuatur,
755 734 864 817 ipsum
888 731 1032 796 voluisse
1057 753 1145 796 ever-

46 831 153 894 sionem
175 831 354 916 religionis,
385 854 424 895 ac
446 831 549 895 fuisse
573 831 760 910 deistam.¹)
786 869 828 877 -
854 828 1050 894 Cavendum
1075 852 1145 894 esse

46 950 198 993 censemus
229 952 270 993 ne
294 952 437 1016 eousque
461 929 669 1015 procedatur,
702 951 803 1014 quum
827 929 915 993 facta
946 931 1055 992 minus
1078 928 1145 993 lau·

45 1024 139 1089 danda
170 1027 330 1112 explicari
363 1026 460 1091 facile
495 1029 631 1112 possint,
670 1028 748 1113 quin
788 1025 909 1090 talibus
948 1027 1145 1112 conjecturis

45 1123 237 1205 insistatur.2)
297 1165 302 1172 ,

120 1250 168 1316 17.
215 1251 352 1314 Fatetur
364 1260 474 1314 autem
491 1250 609 1335 Rapio,
634 1260 809 1335 postquam
824 1250 941 1313 citavit
952 1247 1143 1361 relationem
1172 1253 1298 1356 ‘igme-

42 1343 74 1406 de
102 1357 266 1411 conventu
290 1347 537 1432 Burgofontano
568 1369 669 1433 quam
701 1347 851 1410 ediderat
873 1346 1014 1427 Filleau,
1045 1369 1079 1409 se
1110 1369 1145 1409 m

42 1441 234 1508 documentis
273 1443 401 1508 nullum
435 1444 523 1509 illius
554 1447 730 1529 vestigium
765 1445 941 1507 invenisse.
976 1442 1145 1507 'Attamen

41 1543 204 1627 existimat,
237 1542 283 1606 illi
308 1544 380 1606 viro
406 1542 533 1607 Filleau
557 1542 599 1607 ob
623 1541 821 1627 probitatem
846 1562 940 1604 suam
964 1541 1063 1605 fidem
1094 1540 1146 1604 de·

41 1642 139 1722 negari
163 1663 232 1704 uon
256 1662 352 1726 posse
377 1641 414 1723 (Ι.
435 1640 522 1724 170).
570 1640 634 1704 Sed
667 1642 774 1725 potuit
798 1638 852 1702 ille
876 1660 946 1702 esse
971 1638 1146 1724 deceptus3

41 1735 82 1799 vel
104 1737 192 1801 facta
211 1739 283 1823 jam
306 1737 429 1802 fabulis
453 1738 637 1823 defigurata
657 1738 740 1801 forte
764 1737 903 1801 audivit.
943 1737 1032 1815 Dum
1058 1738 1146 1800 euim

39 1854 87 1914 per
115 1857 170 1898 ora
201 1834 347 1920 plurium
379 1847 517 1900 currunt
539 1838 753 1916 narrationes,
784 1835 881 1899 facile
905 1858 939 1898 se
963 1834 1147 1899 admiscent

38 1930 107 1995 falsa
129 1944 161 1996 et
185 1945 396 2017 exaggerata.
423 1973 461 1981 -
489 1934 743 1999 Advertendum
767 1941 879 1997 autem
903 1943 960 2014 est,
993 1933 1071 1996 dum
1103 1945 1146 1996 te·

39 2050 142 2094 nemus
165 2030 273 2095 solida
296 2043 492 2115 argumenta
522 2054 588 2096 non
614 2033 744 2112 adesse,
776 2040 814 2094 ut
836 2041 1009 2095 censeatur
1031 2053 1147 2094 revera

38 2140 228 2193 conventum
247 2128 338 2193 illum
353 2129 503 2194 habitum
517 2130 628 2211 fuisse,
654 2139 802 2214 spectare
817 2150 876 2192 nos
892 2128 1146 2193 determinatum

41 2223 121 2290 illum
146 2249 361 2311 congressum
392 2231 471 2293 anni
498 2230 594 2312 1621,
626 2230 660 2292 in
685 2249 749 2313 quo
775 2249 832 2290 sex
857 2225 910 2290 vel
935 2236 1059 2311 septem
1084 2227 1146 2288 viri

37 2321 190 2410 designati
216 2328 432 2390 convenerint
457 2326 498 2390 de
522 2326 703 2390 evertenda
733 2324 892 2409 religione
922 2322 1085 2386 catholica
1116 2336 1148 2386 et

38 2419 70 2482 de
98 2422 301 2489 adstruendo
333 2424 469 2489 deismo.
518 2422 693 2488 Caeterum
727 2424 815 2486 enim
847 2444 913 2486 non
945 2420 1146 2502 dubitamus,

37 2517 234 2606 tegorium,
264 2523 472 2602 Jansenium,
503 2521 649 2607 aliosque
672 2523 796 2584 amicos
821 2519 960 2583 decursu
985 2540 1146 2582 annorum

101 2735 120 2794 ¹)
140 2735 236 2788 Etiam
254 2735 351 2802 Rapio,
381 2735 433 2789 etsi
452 2735 580 2789 relationi
599 2736 632 2788 de
651 2738 786 2788 conventu
804 2730 1010 2800 Burgofoutauo
1029 2731 1062 2798 (1.
1085 2732 1146 2798 170)

36 2816 169 2878 quamdam
189 2814 268 2869 fidem
286 2815 407 2869 tribuere
426 2815 559 2880 videatur,
579 2815 645 2868 alibi
664 2820 756 2868 tamen
775 2808 894 2867 ostendit
909 2813 1018 2866 Petrum
1037 2812 1148 2866 Camum

34 2892 135 2962 abipso
155 2911 210 2948 non
229 2895 352 2949 habitum
371 2895 454 2951 fuisse
473 2903 506 2949 ut
524 2895 640 2962 aliquem
659 2910 692 2948 ex
711 2893 821 2947 ducibus
840 2892 966 2946 factionis
980 2893 1147 2948 Jansenista·

33 2988 91 3029 rum.
130 2975 257 3041 Loquens
288 2974 359 3028 euim
384 2976 416 3028 de
440 2975 540 3043 scripto
566 2990 617 3040 quo
636 2974 666 3030 P.
686 2973 851 3029 Sesmaisons
869 2965 936 3026 sana
960 2972 1093 3039 principia
1115 2973 1147 3026 de

33 3058 181 3122 receptione
209 3071 229 3111 s.
258 3055 450 3109 communionis
479 3059 648 3123 exposuerat,
677 3054 747 3120 quod
774 3053 930 3121 opusculum
949 3069 966 3105 a
983 3052 1147 3106 Jansenistis

33 3135 261 3190 vehementissime
280 3135 501 3204 impugnabatur,
520 3134 629 3188 scribit:
650 3133 766 3199 „C'etait
784 3148 822 3186 un
831 3132 983 3196 clamem,
1003 3133 1028 3185 le
1046 3131 1147 3186 celebre

33 3218 88 3280 pire
101 3216 204 3270 biolina
217 3216 358 3283 (Antoine)
378 3232 425 3269 sur
443 3215 489 3281 qui
508 3216 533 3268 le
551 3217 614 3281 pere
632 3214 797 3271 Sesmaisons
816 3213 894 3266 avait
911 3213 986 3281 copie
1004 3229 1052 3266 son
1072 3211 1146 3276 ecrit,

33 3294 150 3351 deserte
169 3294 232 3363 qu’il
252 3294 295 3362 n'y
315 3296 393 3349 avait
410 3311 459 3363 pas
477 3311 515 3348 un
533 3300 590 3349 mot
608 3294 641 3347 de
661 3294 712 3362 lui;
732 3308 761 3347 ce
780 3293 825 3359 qui
836 3292 869 3346 fit
881 3293 938 3346 dire
947 3292 1147 3346 alorsaPierre
1164 3312 1165 3316 ¹

32 3373 130 3442 bamus,
159 3378 261 3442 aveque
291 3375 327 3429 du
345 3375 446 3442 Belley,
474 3389 508 3428 eu
533 3374 643 3442 parlant
671 3377 688 3427 b
714 3390 751 3426 un
770 3374 816 3427 des
835 3372 908 3427 chess
931 3373 967 3426 du
985 3373 1065 3441 parti,
1093 3371 1147 3425 s’ils

32 3457 137 3510 avaient
155 3457 189 3510 de
207 3455 322 3509 l’estime
341 3471 408 3522 pour
427 3455 535 3519 Molina,
564 3463 593 3507 et
620 3459 704 3521 ayant
729 3454 847 3520 repoudu
876 3454 954 3519 qu'ils
972 3453 1147 3507 l'estimaient

33 3532 171 3604 beaucoup,
200 3537 221 3589 il
240 3536 299 3589 leur
317 3535 371 3589 dit:
397 3535 532 3600 Pourquoi
552 3535 619 3587 douc
637 3533 818 3608 blamez-vous
836 3532 925 3586 l'tcrit
955 3534 990 3587 du
1009 3536 1072 3601 pere
1090 3532 1148 3586 Ses-

32 3617 151 3682 maisons‚
172 3619 218 3684 qni
237 3623 308 3671 n'est
326 3621 369 3681 qu’
389 3632 425 3669 uu
445 3615 548 3669 extruit
566 3615 599 3668 de
618 3615 752 3668 llolina?“
774 3615 807 3683 (l.
827 3613 898 3684 501).
920 3643 951 3652 -
971 3615 1061 3674 Vides,
1081 3629 1097 3666 a
1116 3613 1146 3665 P.

32 3695 115 3765 Rapin
134 3698 247 3752 Carnum
265 3713 318 3750 nou
334 3695 487 3765 ,computari
507 3695 579 3748 inter
598 3695 778 3751 Janseuistas.
811 3714 813 3716 ·

99 3797 119 3862 ¹²)
139 3796 231 3849 Timeo
255 3810 297 3860 ue,
324 3794 386 3847 dum
411 3793 470 3847 sine
494 3792 657 3846 necessitate
682 3792 781 3845 talibus
801 3791 962 3859 conjecturis
981 3790 1146 3857 indulgetur,

31 3873 198 3941 aliquatenus
211 3890 354 3940 sequamur
364 3873 486 3939 exempla
495 3872 699 3937 incredulorum,
719 3872 765 3937 qui
778 3871 876 3925 callida
888 3871 1029 3938 impietate
1041 3869 1148 3922 fucatas

31 3956 145 4010 rationes
176 3955 418 4022 quomodocumque
446 3952 616 4017 conquirunt,
644 3958 677 4005 ut
704 3951 776 4004 viros
800 3951 883 4004 etism
901 3949 1091 4018 integerrimos
1116 3949 1148 4002 de

32 4036 111 4089 variis
130 4036 208 4089 vitiis
226 4038 355 4102 arguant.
392 4031 525 4099 Exempla
553 4032 669 4085 maxime
696 4031 780 4098 impia
798 4030 879 4084 habes
898 4031 969 4098 apud
989 4031 1028 4082 De
1047 4029 1149 4091 Potter‚

35 4114 102 4168 Hist.
130 4117 165 4169 du
185 4114 398 4177 christianismo,
429 4111 482 4168 vol.
502 4111 579 4176 VIII,
611 4112 640 4164 in
668 4126 719 4176 quo
739 4110 900 4164 Bossuetum
928 4114 956 4163 et
980 4109 1148 4170 Fenelonem

31 4209 49 4245 s.
66 4195 237 4249 Franciseum
257 4193 387 4247 Salesium
416 4196 444 4245 ot
471 4207 493 4246 s.
512 4191 686 4245 Vincentium
715 4205 732 4242 a
761 4191 844 4244 Paulo
875 4195 1012 4256 suspectos
1040 4188 1150 4242 reddere

31 4275 118 4327 studet
138 4274 224 4340 quoad
241 4272 321 4327 fidem
339 4279 368 4326 et
385 4286 479 4327 mores.
