3336 4908
342 1761 469 1802 Gatholleo-

324 1837 376 1864 rum
391 1827 473 1866 fervor.

494 412 546 468 190
674 412 801 466 XXXIX.
821 413 860 466 De
879 418 956 468 statu
973 414 1076 471 Eccles.·
1095 419 1221 469 vertente
1240 431 1308 472 saec.
1328 416 1401 470 XVI.

492 557 650 640 Episcopi
675 578 810 641 operam
834 579 928 620 suam
952 567 985 620 et
1008 558 1180 621 brachium
1199 558 1368 622 saeculare
1392 562 1426 622 in
1444 563 1595 644 protectio-

492 676 568 717 nem
586 654 756 718 Ecclesiae
780 667 812 716 et
835 655 1003 738 religionis
1021 655 1256 720 adhibuerunt.
1289 657 1362 720 Hac
1386 659 1421 720 in
1445 680 1479 721 re
1504 681 1595 744 seque-

492 751 614 815 bantur
645 753 834 816 firmissima
865 751 920 815 illa
953 755 1117 838 principia
1148 753 1334 838 theologica
1363 755 1531 819 doctorum
1552 758 1597 841 qui

491 861 650 931 statuunt,
669 845 865 937 >principum
890 874 1011 916 munus
1035 854 1165 935 insigne
1190 875 1260 916 esse
1285 875 1396 916 veram
1422 852 1596 936 religionem

491 952 575 1013 tueri
593 960 629 1013 ut
645 953 827 1013 maximum
844 949 1039 1034 populorum
1058 951 1192 1032 bonum,
1218 961 1318 1036 atque
1335 974 1407 1014 cam
1424 951 1598 1015 felicitatem

490 1049 688 1134 populorum
714 1050 753 1112 iis
778 1048 961 1111 curandam
987 1071 1067 1129 esse,
1097 1071 1182 1134 quae
1206 1048 1423 1112 subordinate
1447 1058 1479 1112 et
1496 1051 1598 1134 juncta

491 1156 541 1208 est
564 1148 761 1209 assecutioni
788 1145 913 1210 salutis.
962 1146 1074 1226 Quum
1099 1149 1200 1231 igitur
1224 1147 1265 1210 de
1282 1149 1424 1210 veritato
1448 1146 1598 1232 religionis

491 1243 673 1307 catholicae
696 1245 835 1308 firmiter
858 1247 939 1329 ipsis
964 1255 1137 1326 constaret,
1158 1246 1233 1330 jure
1258 1245 1466 1324 obstiterunt,
1497 1245 1599 1307 mediis

491 1344 591 1405 etiam
622 1345 746 1406 severis
782 1343 952 1425 adhibitis,
996 1343 1283 1428 perturbatoribus
1319 1343 1532 1428 haereticis,¹)
1565 1365 1598 1405 ex

490 1442 594 1503 variis
625 1441 817 1525 regionibus
851 1462 976 1505 errores
1008 1443 1244 1526 exstirparunt,
1281 1451 1314 1505 et
1346 1440 1505 1504 adhibitis
1527 1442 1600 1524 aptis

491 1538 619 1620 mediis,
653 1541 830 1623 praecipue
855 1539 1103 1623 praedicatione
1129 1550 1161 1602 et
1183 1539 1378 1603 fundatione
1403 1539 1599 1623 collegiorum

492 1637 701 1702 sacerdotum
727 1636 900 1701 Societatis
917 1639 1009 1718 Jesu,
1035 1636 1309 1702 Catholicismum
1334 1647 1561 1701 restaurarunt.
1646 1630 1647 1693 j

585 1753 635 1816 10.
669 1753 1015 1816 Animadvertendum
1033 1763 1196 1837 postremo
1222 1763 1280 1835 est,
1305 1763 1341 1816 ut
1355 1755 1439 1818 ratio
1456 1752 1599 1836 triumphi
1645 1823 1646 1830 χ

492 1873 589 1938 quem
616 1849 779 1914 Catholici
805 1851 867 1915 hac
896 1851 1023 1937 epocha
1047 1851 1087 1914 de
1113 1853 1382 1915 protestantismo
1408 1858 1601 1935 reportarunt
1645 1900 1646 1904 ,

490 1951 623 2034 penitus
647 1948 859 2034 intelligatur,
893 1951 1061 2034 principes
1085 1960 1117 2012 et
1142 1949 1302 2013 factiones
1336 1952 1393 2035 qui
1430 1950 1599 2013 Protestan-
1646 1950 1647 1955 ’

489 2050 625 2110 tisinum
649 2047 829 2111 tuebantur
853 2057 884 2110 et
909 2047 1103 2126 dilatabant,
1130 2058 1234 2111 motos
1258 2048 1361 2111 fuisse
1377 2047 1499 2110 vilibus
1522 2047 1600 2108 moti·
1644 2069 1646 2104 τ

491 2147 551 2226 vis,
583 2144 765 2209 ambitione
797 2155 830 2208 et
860 2147 1012 2226 avaritia,
1045 2154 1081 2208 ut
1105 2144 1262 2208 videlicet
1285 2154 1492 2229 potestatem,
1524 2166 1599 2228 opes,

489 2243 577 2307 bona
598 2243 768 2307 Ecclesiae
792 2242 856 2306 sibi
882 2245 1123 2330 conquirerent.
1173 2241 1337 2330 Catholici
1362 2252 1473 2306 autem
1497 2242 1600 2328 prinoi-
1645 2244 1646 2252 ’

489 2364 558 2426 pes,
599 2343 655 2427 qui
692 2343 726 2404 in
760 2340 816 2404 illa
839 2341 929 2405 lucta
958 2343 1154 2427 praecipuas
1190 2352 1299 2426 partes
1331 2341 1527 2421 habuerunt,
1560 2339 1599 2401 uti

489 2439 662 2524 Philippus
682 2439 716 2503 Π
740 2439 925 2523 Hispaniae
949 2462 1018 2517 rex,
1043 2439 1201 2502 Albertus
1226 2449 1258 2502 et
1281 2438 1530 2502 Maximilianus
1549 2437 1599 2500 Ba·

490 2540 571 2625 vari,
605 2536 838 2601 Ferdinandus
861 2537 895 2600 ΙΙ
924 2537 1117 2621 Imperator,
1152 2537 1328 2622 pluresque
1359 2537 1415 2601 alii
1450 2537 1599 2621 principes

490 2646 522 2698 et
546 2634 684 2720 praelati
701 2633 911 2715 Germaniae,
937 2634 1217 2719 quemadmodum
1237 2635 1408 2708 Ecclesiae
1429 2633 1598 2710 Pontifices,

490 2735 648 2818 episcopi,
674 2732 891 2796 ecclesiastici
916 2742 948 2795 et
971 2732 1126 2816 religiosi,
1153 2743 1257 2797 motos
1273 2733 1375 2796 fuisse
1392 2756 1472 2797 vero
1488 2734 1598 2796 fervore
1645 2721 1648 2809 ’χ

489 2843 523 2896 et
551 2830 621 2895 nelo
655 2853 713 2916 pro
747 2830 907 2914 religione
942 2830 1105 2894 catholica
1137 2841 1169 2893 et
1191 2831 1343 2894 Ecclesia
1368 2831 1443 2894 Dei.
1490 2831 1527 2894 ln
1552 2826 1597 2891 tali

489 2931 663 2993 hominum
695 2938 727 2997 et
760 2930 882 2992 virium
915 2928 1097 3012 collisione,
1133 2931 1165 2992 in
1200 2952 1265 3014 qua
1298 2929 1450 3013 superba¹
1480 2929 1597 2993 ambitio

494 3109 701 3116 ——-—---

564 3232 585 3300 ¹)
607 3231 666 3284 Dici
686 3230 782 3296 nequit
801 3230 931 3297 ejusmodi
950 3230 1092 3298 religionis
1112 3229 1307 3297 protectionem
1326 3231 1423 3284 ultimo
1443 3232 1597 3299 repetendam

489 3328 548 3366 esse
561 3327 594 3365 ex
606 3312 652 3364 illo
666 3311 812 3377 principio:
835 3311 935 3378 ,Cujus
955 3311 1039 3378 regio,
1059 3310 1132 3364 illius
1151 3309 1276 3377 religio“‚
1297 3313 1366 3375 quod
1380 3327 1518 3366 commune
1530 3311 1597 3364 fuerit

491 3391 637 3446 Catholicis
652 3404 681 3444 et
693 3391 922 3447 Protestantibus.
949 3391 1083 3444 Catholici
1102 3391 1262 3445 nitebantur
1274 3391 1366 3445 solidis
1379 3393 1519 3460 principiis
1533 3392 1596 3463 juris,
1645 3393 1646 3464 j

490 3472 632 3538 exquibus
645 3487 726 3525 verae
744 3471 884 3539 religionis
903 3471 1037 3538 protectio
1056 3470 1208 3538 principum
1226 3470 1344 3524 officium
1356 3477 1413 3539 est;
1433 3478 1596 3540 protestantes
1645 3469 1646 3513 Ῑ

489 3554 583 3607 eadem
601 3552 734 3620 principia
753 3552 805 3605 sibi
824 3552 1013 3619 applicabant3
1033 3553 1080 3606 sed
1093 3568 1174 3618 quum
1187 3551 1302 3605 diversis
1316 3552 1398 3605 sectis
1411 3553 1513 3607 addicti
1524 3556 1596 3605 aucto·
1645 3553 1646 3556 ’

490 3633 601 3686 ritatem
621 3633 756 3686 Ecclesiae
779 3632 930 3699 rejicerent,
956 3637 1038 3697 atque
1056 3632 1086 3684 in
1104 3631 1183 3685 rebus
1202 3631 1264 3686 fidei
1282 3631 1421 3686 libertatis
1440 3628 1595 3687 individualis

490 3712 622 3781 principio
641 3713 803 3780 niterentur,
835 3712 1015 3766 contradictio
1035 3711 1064 3768 in
1082 3712 1159 3764 modo
1178 3711 1279 3779 agendi
1298 3711 1378 3764 obvia
1406 3720 1468 3766 erat
1486 3719 1514 3767 et
1530 3707 1594 3766 nari-

488 3793 570 3848 festa.
600 3822 626 3829 -
654 3792 843 3858 Inquisitionis
862 3791 1012 3845 tribunalia
1030 3792 1059 3845 in
1078 3792 1246 3858 repressione
1270 3791 1390 3846 haeresis
1408 3792 1561 3860 praesertin
1574 3789 1594 3840 ir

490 3873 575 3927 ltalia
597 3880 625 3926 et
649 3873 678 3925 in
697 3873 831 3938 Hispania
854 3872 958 3926 efficaci
977 3873 1079 3926 auxilio
1098 3872 1189 3936 fuisse,
1218 3872 1342 3940 superius
1367 3872 1492 3929 diximus.
1527 3869 1593 3924 Vele-

490 3959 596 4005 meuter
624 3952 651 4005 in
679 3952 728 4004 hoc
755 3953 913 4007 institutum
940 3953 1073 4007 invehunt
1099 3958 1222 4006 auctores
1251 3953 1284 4005 ab
1303 3952 1426 4006 Ecclesia
1455 3953 1540 4013 alieni,
1564 3946 1593 4000 uti

490 4033 526 4086 M.
546 4031 712 4099 Philippson,
732 4034 777 4086 Lo
799 4034 1081 4087 Contra-Recolatioa
1101 4035 1247 4103 r‘elipieuse
1266 4051 1303 4086 ott
1316 4033 1402 4086 XVJe
1417 4033 1504 4097 siecle,
1523 4032 1551 4084 L.
1563 4026 1592 4080 ll.

489 4111 631 4165 Bruxelles
652 4111 728 4165 1884.
767 4112 818 4167 Sed
837 4105 936 4180 passim
954 4112 1010 4181 jam
1030 4113 1203 4178 ostendimus,
1220 4113 1283 4181 jure
1301 4113 1398 4166 merito
1418 4111 1556 4167 Ecclesiam
1570 4120 1593 4158 et

488 4192 597 4246 ratione
616 4193 739 4246 haereses
754 4194 874 4261 potuisse
885 4195 1037 4262 reprimere.
1066 4195 1100 4250 V.
1116 4194 1229 4250 Dissert.
1240 4194 1270 4246 T.
1281 4194 1314 4251 V.
1325 4193 1443 4248 Dissert.
1453 4189 1558 4246 XXVlI.
1566 4184 1591 4238 ll.
