3288 4900
500 471 614 526 Consilii
631 472 756 540 periodus
774 471 898 526 secunda
1202 470 1273 542 ,123

161 616 258 679 iuerat
280 625 449 701 praeterea
472 616 560 702 quod
585 615 708 679 dicitur
731 617 936 680 Rauennatem
959 613 1210 692 aeclesiasticam,
1235 625 1271 678 ut
1288 613 1439 716 Effissssffifu'

163 712 308 776 videlicet
338 715 493 799 princeps
517 714 570 777 vel
594 713 761 798 praelatos
795 713 1047 792 ecclesiasticus,
1080 715 1137 797 qui
1161 736 1180 776 a
1204 713 1271 778 lide

162 811 314 874 catholica
337 812 379 876 ad
405 811 653 876 Confessionem
679 812 910 894 Augustanam
939 813 1103 891 transiret,
1132 811 1272 896 dignita-

161 918 228 991 tem,
264 910 352 974 bona
377 920 409 973 et
431 919 614 995 proventus
637 912 811 975 amitteret.
860 907 926 974 sed
950 909 1029 972 hnic
1060 909 1273 993 postulationi

161 1005 397 1072 Catholicorum
414 1009 633 1094 aequissimae
649 1009 840 1070 restiterunt
856 1009 1093 1088 Protestantes,
1119 1016 1151 1070 et
1162 1029 1274 1092 quam·

159 1107 202 1166 111
226 1103 396 1169 decretum
420 1105 502 1169 illud
527 1107 610 1169 Paci
635 1102 818 1189 Religionis
841 1105 1134 1186 insertumfuerit,
1160 1105 1274 1168 effece-

158 1213 227 1266 runt
249 1213 373 1285 tamen,
397 1213 435 1266 ut
458 1205 558 1267 etiam
582 1225 697 1267 eorum
721 1204 914 1287 protestatio
940 1211 1054 1266 contra
1077 1203 1141 1266 hoc
1164 1203 1274 1267 decre·

158 1309 218 1362 tum
236 1301 493 1386 adjungeretur3
518 1311 618 1386 atque
642 1303 688 1363 ita
713 1302 746 1364 in
772 1302 845 1384 ipsa
867 1299 931 1364 hac
948 1299 1072 1363 infelici
1089 1298 1276 1366 Concordia

152 1398 215 1481 jem
239 1400 369 1462 semina
391 1398 521 1462 futurae
546 1397 731 1462 discordiae
750 1398 842 1482 jacta
866 1408 968 1464 erant.

239 1498 292 1560 79.
329 1499 405 1560 Pax
428 1498 491 1560 ista
508 1496 690 1580 Religionis
714 1495 813 1559 valde
837 1497 985 1581 proficua
1008 1496 1071 1560 fnit
1086 1498 1273 1561 Protestan·

156 1593 245 1659 tibus.
302 1595 436 1658 Etenim
459 1594 709 1680 fundamentum
732 1595 909 1681 juridicam
947 1593 1123 1658 defectioni
1160 1615 1274 1660 eorum

156 1692 355 1756 substratum
380 1702 437 1772 est,
462 1694 509 1755 ita
533 1701 569 1754 ut
587 1692 658 1777 jam
684 1691 801 1776 majori
825 1695 939 1776 vigore
963 1691 1064 1776 pedes
1088 1691 1188 1776 figere
1203 1715 1274 1778 pos·

92 1794 93 1798 ’
155 1801 221 1852 1111
250 1801 285 1853 11
316 1789 504 1856 extendere.
558 1788 738 1854 Catholicis
769 1813 847 1854 vero
878 1812 997 1875 magno
1028 1791 1092 1854 fuit
1119 1791 1175 1856 illa
1199 1795 1274 1856 Pax

154 1888 358 1952 detrimento.
405 1889 491 1952 Nam
516 1887 627 1952 Status
657 1888 822 1970 catholici,
852 1891 969 1973 paucis
993 1891 1151 1974 exceptis,
1179 1891 1274 1953 initio

154 2008 214 2049 non
238 1996 319 2050 sunt
341 1988 413 2051 ausi
438 2007 591 2049 exercere
615 1989 650 2050 in
674 1989 741 2050 auis
756 1987 928 2050 territoriis
946 1987 1003 2072 jus
1020 1987 1274 2069 reformationis,

154 2095 186 2146 ut
215 2085 370 2148 subditos
400 2083 635 2169 compellerent
663 2087 784 2149 reverti
814 2085 858 2148 ad
891 2083 1116 2166 Ecclesiam.¹)
1163 2085 1275 2150 Status

154 2183 412 2246 Protestantinm
451 2204 529 2247 vero
569 2205 636 2246 non
675 2181 826 2246 obstante
857 2185 1029 2247 Resarooto
1064 2183 1274 2247 ecclesiastico

154 2279 310 2363 paulatim
343 2282 563 2366 episcopatus,
596 2279 758 2362 abbatias,
792 2280 901 2344 aliave
929 2283 1080 2344 instituta
1103 2281 1274 2346 Ecclesiae

153 2380 183 2440 in
214 2381 285 2443 suis
317 2379 509 2462 regionibus
540 2380 602 2442 sita
626 2380 728 2442 variis
751 2378 870 2442 mediis
894 2387 1107 2464 occuparunt.
1155 2381 1274 2444 Merito

153 2476 394 2542 Pallavicinus:
422 2477 599 2559 ,Effectus
624 2475 749 2558 scribit,
774 2475 913 2562 hujusce
930 2477 1126 2541 concordiae
1150 2499 1187 2541 10
1204 2499 1274 2562 per·

153 2577 328 2639 niciosiora
361 2577 396 2638 in
419 2585 617 2660 perpetuum
641 2596 784 2657 evasere,
819 2597 884 2660 quo
908 2585 989 2638 tnnc
1013 2576 1275 2640 conducibiliora

152 2676 220 2738 1111
237 2682 327 2737 sunt.
357 2673 491 2736 Etenim
515 2672 675 2737 Germani
699 2673 871 2757 defatigati
896 2674 1065 2758 attritique
1090 2674 1273 2754 discordiis,

139 2770 210 2845 ,hoc
234 2769 341 2834 veluti
367 2772 442 2856 opio
466 2793 526 2856 per
549 2771 741 2835 diuturnam
765 2773 911 2855 quietem
935 2773 1033 2857 sopiti
1057 2782 1142 2838 sunt.
1177 2771 1275 2851 Quod

152 2870 270 2950 effecit,
289 2879 326 2933 ut
341 2891 379 2932 ea
397 2871 529 2933 decreta
543 2870 637 2954 quasi
651 2871 858 2932 miseriarum
870 2868 1096 2934 levamentum
1109 2869 1275 2953 duxerint,

152 2977 252 3053 utque
270 2967 313 3030 ob
332 2967 499 3030 horrorem
523 2989 685 3030 novorum
709 2969 926 3031 certaminum
950 2989 1009 3052 per
1032 2970 1162 3052 pigram
1186 2971 1275 3052 igna-

152 3066 240 3128 viam
266 3065 511 3149 permitteretur
534 3065 796 3129 Protestantibua
823 3065 921 3148 longe
945 3067 1051 3151 major
1082 3065 1216 3130 licentia
1241 3069 1276 3130 in

153 3162 357 3248 exequendis
388 3162 498 3247 rebus,
531 3185 631 3248 quam
655 3165 783 3227 intenta
812 3163 929 3227 fuisset
953 3166 988 3226 in
1011 3164 1222 3249 paciscendis
1245 3174 1277 3228 et

153 3260 183 3321 in
219 3262 356 3344 propria
392 3261 568 3325 verborum
606 3263 779 3326 sententia.
831 3261 956 3324 Verum
996 3262 1277 3347 quemadmodum

227 3528 247 3590 ¹)
269 3525 356 3592 Quum
374 3525 483 3580 facilius
502 3525 622 3580 homines
646 3527 680 3579 ad
699 3527 799 3582 malum
824 3527 981 3582 alliciantur
1000 3544 1080 3594 qnam
1103 3535 1279 3583 revertantur

153 3605 186 3658 ad
195 3607 304 3672 bonum,
318 3622 350 3658 ac
359 3606 500 3660 tendentia
510 3605 664 3661 rebellionis
675 3613 768 3661 contra
778 3608 925 3661 Ecclesiam
936 3608 1040 3661 animos
1052 3609 1196 3674 turbasset,
1207 3611 1277 3664 varii

152 3685 345 3739 catholicorum
364 3701 468 3753 quoque
486 3685 638 3753 principum
656 3687 759 3740 subditi
778 3688 868 3753 potins
887 3687 920 3740 ad
933 3689 1185 3755 protestantismum
1203 3689 1278 3743 incli-

153 3766 265 3820 nabant.
294 3766 339 3819 Ita
350 3766 396 3832 qui
405 3765 576 3820 Ferdinando
594 3767 763 3833 Bavarisque
776 3767 948 3835 Principibus
966 3768 1070 3822 subditi
1088 3779 1175 3834 erant,
1194 3769 1277 3824 finiti·

153 3861 254 3900 morum
273 3845 387 3900 licentia
404 3846 497 3911 illecti,
525 3847 581 3900 suis
600 3863 617 3900 a
635 3847 749 3902 dominis
768 3849 915 3915 petierunt,
940 3864 975 3902 ne
998 3849 1107 3904 duriore
1131 3864 1212 3915 quam
1230 3850 1278 3904 alii

154 3927 307 3981 conditione
325 3931 520 3994 premerentur,
540 3928 587 3982 sed
605 3933 638 3981 ut
656 3927 710 3996 ipsi
728 3943 832 3994 quoque
846 3929 932 3982 vitam
951 3934 1066 3998 agerent
1085 3929 1278 3984 ecclesiastica·

154 4021 212 4058 rum
231 4007 324 4074 legum
342 4007 531 4061 observatione
550 4008 641 4061 soluti.
679 4007 781 4074 Quibus
799 4016 890 4062 tamen
910 4024 1082 4076 responsum:
1107 4009 1277 4064 Communem

155 4086 333 4139 conditionem
353 4101 386 4139 ex
404 4087 573 4141 decretorum
591 4092 686 4141 tenore
705 4103 758 4141 non
772 4103 830 4141 esse
843 4087 1007 4152 libertatem,
1026 4089 1071 4142 sed
1085 4088 1279 4158 obligationem

154 4165 321 4220 subditorum
347 4166 509 4220 adhaerendi
538 4167 705 4222 dominorum
730 4167 871 4236 religioni,
905 4170 949 4222 vel
980 4169 1103 4223 abeundi.
1148 4170 1279 4227 Pallavic.

154 4243 184 4296 L.
204 4246 281 4300 XIII.
302 4247 330 4300 Ο,
350 4246 427 4302 XIH.
448 4263 474 4303 n.
494 4249 520 4301 5.
