3336 4908
507 423 559 476 194
719 423 846 480 XXXIX.
866 423 905 476 De
924 429 1000 477 statu
1019 424 1120 478 Eccles.
1139 428 1266 478 vertente
1284 438 1353 478 saec.
1374 423 1448 476 XVI.

505 565 689 630 Ecclesiam
721 577 864 651 regeret3
896 567 1026 631 fervido
1058 569 1146 630 enim
1178 567 1249 652 ejus
1274 568 1387 650 vigore
1420 567 1538 630 factum
1559 580 1605 640 est,

505 675 542 727 ut
565 664 653 729 illico
685 663 817 728 decreta
842 662 967 748 Synodi
1006 664 1130 750 ubique
1163 665 1351 727 executioni
1384 664 1543 741 darentur,
1575 687 1606 727 ac

336 763 493 812 mausona.
505 784 627 847 magna
658 763 751 826 lieret
781 764 975 826 restauratio
1007 761 1213 846 disciplinae.
1262 762 1341 825 Pius
1367 764 1396 825 V
1429 762 1505 825 inde
1526 786 1543 826 a
1565 763 1606 824 die

505 862 725 925 coronationis
756 882 835 923 suae
868 862 913 943 (d.
942 862 992 926 17.
1018 860 1120 944 dan),
1152 862 1199 922 uti
1225 859 1341 923 scribit
1364 861 1552 939 Panvinius,
1574 860 1608 922 ad

503 959 730 1023 reformandos
754 980 861 1021 mores
884 957 1112 1043 tollendosque
1137 957 1261 1022 abusus
1285 960 1435 1021 animum
1451 959 1608 1033 convertit,

504 1078 682 1142 omnesque
707 1057 923 1140 cogitationes
947 1067 979 1120 et
1002 1055 1112 1120 studia
1135 1056 1202 1119 huc
1226 1054 1374 1135 contulit,
1407 1066 1444 1119 ut
1467 1059 1519 1142 pie
1542 1056 1609 1118 chri·

504 1157 675 1240 stianeque
691 1156 870 1233 viveretur,
895 1154 1156 1240 necquidquam
1174 1155 1381 1217 omitteretur
1394 1176 1517 1233 eorum,
1541 1176 1610 1238 quae

504 1255 537 1317 in
551 1251 699 1316 Concilio
710 1252 906 1316 Tridentino
919 1275 938 1316 a
949 1253 1103 1317 Patribus
1120 1252 1250 1316 decreta
1260 1253 1330 1338 jam
1345 1253 1473 1337 pridem
1488 1253 1609 1316 fuerant.

503 1352 700 1415 Praesertim
726 1353 926 1414 monasteria
951 1353 1098 1414 virorum
1131 1373 1171 1413 ac
1196 1350 1371 1413 mulierum
1398 1371 1520 1433 magna
1543 1349 1610 1412 solli·

504 1450 651 1513 citudine
674 1449 882 1529 reformavit,
915 1458 948 1512 et
971 1451 1072 1533 priori
1099 1448 1267 1533 splendori
1292 1448 1436 1513 Ordines
1460 1447 1611 1529 religiosos

502 1548 655 1612 restituit.
688 1546 791 1609 Totus
808 1546 907 1609 rebus
931 1547 972 1610 ad
991 1546 1184 1631 religionem
1209 1545 1453 1632 pcrtinentibus
1472 1547 1610 1621 intentus,

503 1647 613 1708 statim
645 1667 673 1709 a.
704 1642 787 1707 1566
813 1642 1025 1707 Cardinalem
1052 1644 1335 1708 Commendonem
1360 1666 1378 1706 e
1403 1643 1542 1706 Polonia
1563 1642 1612 1704 Ro·

503 1764 594 1806 mam
623 1741 816 1804 redeuntem
847 1740 890 1804 ad
915 1742 1117 1805 universalia
1142 1741 1343 1806 Germaniae
1368 1743 1513 1820 comitia,
1543 1762 1611 1824 quae

503 1840 674 1923 Augustae
698 1838 917 1917 habebantur,
948 1840 1112 1922 Legatum
1137 1841 1236 1920 misit,
1268 1861 1343 1902 cum
1368 1838 1482 1902 multis
1507 1840 1611 1902 sanctis
1654 1844 1656 1864 ³

503 1948 535 2001 et
559 1936 778 2022 prudentibus
803 1936 1096 2018 admonitionibus,
1130 1959 1214 2022 quae
1246 1939 1278 2000 in
1313 1936 1378 1999 illis
1411 1938 1552 1999 comitiis
1579 1934 1611 1997 ad

502 2035 745 2099 retundendam
756 2033 1223 2120 haereticorumpetulantiam
1241 2034 1384 2097 fructum
1395 2036 1610 2117 nonexiguun

504 2132 693 2197 attulerunt.
747 2133 808 2195 His
848 2134 934 2196 enim
974 2135 1008 2196 in
1049 2135 1192 2197 comitiis
1230 2133 1364 2196 tandem
1409 2135 1517 2217 prima
1552 2135 1611 2193 vice

505 2231 616 2295 Status
653 2230 805 2294 catholici
846 2231 1106 2315 protestantibus
1144 2229 1234 2295 haud
1270 2241 1457 2310 cesserunt,
1498 2231 1612 2294 decreta

503 2330 700 2394 Tridentina
724 2339 857 2413 recepta
881 2338 966 2406 sunt,
993 2340 1091 2413 atque
1117 2329 1238 2392 deinde
1259 2330 1291 2391 in
1309 2329 1463 2409 Bavaria,
1489 2330 1522 2391 in
1538 2329 1611 2390 terri·

503 2430 586 2492 torio
617 2427 823 2512 Mogontino,
864 2427 1064 2505 Trevirensi,
1105 2426 1275 2500 Fuldensi,
1316 2425 1432 2509 religio
1468 2426 1612 2490 catholica

504 2525 603 2590 valde
626 2524 757 2589 firmata
778 2525 848 2589 fuit.
867 2562 908 2570 -
926 2525 1034 2588 Etiam
1061 2524 1103 2588 ad
1127 2546 1238 2608 regem
1256 2522 1385 2588 Galliae
1409 2525 1545 2610 ejusque
1567 2524 1611 2585 mi-

503 2625 623 2686 nistros
647 2625 772 2706 optima
797 2623 886 2685 misit
910 2623 1065 2686 Pontifex
1090 2623 1297 2699 documenta,
1333 2644 1387 2684 eos
1413 2610 1556 2702 monens,
1584 2630 1612 2681 ut

504 2721 713 2806 Hugenottos
750 2718 934 2783 haereticos
971 2742 1074 2803 regno
1111 2720 1165 2784 illo
1198 2719 1423 2798 exturbarent,
1463 2722 1528 2783 imo
1555 2720 1609 2802 regi

504 2819 617 2902 copias
633 2839 765 2903 quoque
782 2816 942 2881 militares
966 2819 1027 2882 sub
1053 2819 1191 2903 imperio
1208 2819 1338 2882 comitis
1353 2816 1497 2882 Sanctae
1512 2818 1609 2881 Florae
1655 2836 1660 2899 ‘3

506 2914 619 2978 militis
642 2915 824 3000 fortissimi,
848 2916 973 2979 auxilio
991 2917 1087 2980 misit.
1122 2916 1233 3000 Atque
1250 2938 1288 2979 eo
1303 2925 1452 3001 ternpore
1469 2919 1502 2980 in
1519 2915 1610 2981 Gallia
1659 2998 1660 3001 Ἴ

504 3037 557 3077 res
571 3012 733 3078 catholiea
748 3014 905 3079 refloruit.
919 3014 1164 3098 —Philippum
1181 3014 1214 3077 II
1231 3036 1342 3098 regem
1356 3015 1548 3098 Hispaniae,
1566 3013 1609 3097 qui
1657 3007 1661 3102 j

504 3112 698 3195 religionem
710 3111 908 3176 catholicam
921 3134 1000 3196 prae
1012 3113 1149 3175 caeteris
1165 3113 1328 3189 tuebatur,
1345 3113 1494 3176 amicitia
1509 3112 1609 3183 coluit,

506 3232 613 3295 neque
638 3209 720 3272 ullas
745 3211 921 3272 intermisit
946 3211 1136 3273 occasiones
1159 3208 1225 3273 alia
1253 3231 1383 3295 quoque
1407 3209 1533 3273 auxilia
1555 3209 1610 3270 mit·
1655 3284 1656 3291 ἵ

505 3308 596 3372 tendi
623 3309 662 3369 iis
688 3305 878 3386 Catholicis,
903 3310 960 3392 qui
984 3308 1019 3370 in
1040 3309 1142 3370 variis
1164 3307 1355 3391 regionibus
1381 3317 1496 3371 contra
1518 3307 1609 3370 haere·

505 3408 589 3469 ticos
620 3404 743 3469 bellum
772 3405 942 3488 gerebant.
974 3443 1016 3451 -
1052 3404 1118 3469 Sed
1143 3428 1203 3467 nec
1231 3405 1457 3468 reformationi
1488 3414 1610 3468 tantun-

507 3504 605 3567 modo
630 3524 768 3584 morum,
802 3502 975 3567 haeresum
1007 3504 1236 3587 exstirpationi
1262 3512 1294 3565 et
1317 3502 1554 3566 haereticorum
1574 3521 1609 3561 rc-

506 3602 668 3687 pressioni
693 3599 849 3664 studebat
870 3600 1036 3682 Pontifex,
1069 3623 1183 3664 verum
1215 3602 1314 3664 etiam
1346 3602 1514 3664 continuis
1539 3597 1608 3662 curis

506 3701 664 3783 omnique
694 3697 859 3762 industria
891 3698 1122 3780 contendebat,
1156 3708 1192 3761 ut
1222 3699 1349 3762 furores
1373 3699 1552 3763 'furcarum
1573 3716 1607 3756 re·

507 3799 738 3882 primerentur.
769 3798 880 3882 Atque
906 3797 956 3861 Pii
981 3798 1106 3860 meritis
1131 3796 1344 3860 tribuendum
1369 3807 1427 3878 est,
1453 3807 1488 3860 ut
1511 3794 1607 3859 foedus

505 3893 651 3979 plurium
675 3895 864 3979 principum
889 3895 1142 3958 christianorum
1168 3894 1395 3975 conficeretur,
1427 3905 1461 3958 et
1487 3917 1515 3958 a.
1539 3890 1604 3956 lbll

506 3992 562 4056 die
588 3992 791 4058 7⁰Octobris
815 3992 906 4078 apud
930 3992 1122 4056 Echinadas
1147 3992 1272 4057 insulas
1297 3992 1476 4077 (Lepanto)
1500 3992 1605 4055 'furcae

507 4091 633 4173 ingenti
659 4089 753 4153 clade
777 4091 998 4169 afficerentur,
1023 4113 1062 4153 ac
1079 4092 1218 4154 societas
1235 4090 1418 4155 christiana
1441 4100 1555 4155 terrore
1574 4084 1604 4147 de
1660 4155 1661 4170 ,

506 4190 579 4252 istis
602 4188 814 4251 ferocissimis
838 4188 987 4252 hostibus
1000 4187 1191 4252 solveretur.
1225 4187 1381 4252 Pontifex
1405 4190 1439 4251 in
1455 4187 1515 4252 hoc
1535 4195 1604 4248 totus
1660 4173 1661 4224 Ὗ
