3288 4900
472 485 477 498 .
508 447 621 502 concilii
638 448 875 516 periodustertia.
1198 452 1250 510 las

137 591 373 676 aestateatque
397 600 577 655 auctumno
600 591 739 676 praelati
762 614 805 658 ex
821 594 923 658 variis
946 596 1057 678 regnis
1072 595 1249 678 advenere,

137 693 175 754 ita
195 701 309 754 tamen
325 699 362 752 ut
377 688 567 773 Synodum
574 689 834 774 splendidiorem
857 713 957 777 quam
982 703 1080 758 antea
1103 693 1249 758 futuram

137 811 197 854 esse
220 787 446 874 praeviderij
449 808 503 851 am
527 796 645 873 posset

213 888 266 954 88.
315 885 482 950 Niliilt
432 896 482 950 mt
483 889 564 950 erim
588 887 873 1000 praetermittebat
897 888 977 953 Pius
1000 889 1063 970 IV,
1095 909 1159 974 quo
1194 888 1302 954 all-⁰
1273 889 1405 934 3011111110

131 987 275 1071 jumenta
299 995 333 1048 et
356 985 531 1050 commoda
555 986 719 1070 episcopis
736 995 926 1071 praestaret.
951 985 1050 1067 Qua
1043 1007 1076 1050 ιιι
1093 1007 1128 1050 re
1147 1009 1250 1052 unum

136 1104 385 1147 commemorare
416 1093 557 1168 oportet,
589 1083 678 1168 quod
703 1104 823 1168 magno
848 1085 964 1150 merito
989 1085 1114 1149 factum
1137 1095 1252 1169 postea

135 1181 232 1245 locum
250 1179 409 1266 praebuit
396 1180 664 1246 tdetrectoribus
680 1181 813 1265 injustis
829 1181 1012 1247 Pontifiois.
1044 1183 1145 1268 ,Pius
1162 1182 1252 1247 vide·

135 1279 208 1360 licet,
224 1278 346 1343 scribit
358 1277 593 1361 Pallavicinus,
611 1277 783 1344 Cardinali
794 1279 976 1344 Mantuano
992 1279 1109 1345 litteris
1121 1281 1252 1366 scriptis

138 1378 263 1442 tradidit
304 1376 545 1462 amplissimam
582 1385 792 1462 potestatem,
832 1378 1050 1463 impendendi
1089 1387 1252 1463 quantum

134 1479 287 1560 pecuniae
313 1484 536 1561 opportunum
569 1474 785 1539 arbitraretur
813 1474 857 1539 ad
881 1475 1032 1542 divinam
1055 1475 1195 1561 gloriam
1220 1485 1253 1539 et

134 1571 314 1638 Concilium
332 1571 568 1658 promovenda.
600 1572 812 1657 Adjecitque,
838 1572 896 1636 ubi
913 1573 947 1638 id
963 1576 1090 1639 aerario
1114 1575 1252 1659 gravius

133 1674 295 1752 evasisset,
321 1671 516 1736 Pontificem
541 1681 692 1754 sumptus
716 1671 751 1734 in
768 1669 843 1734 aliis
867 1673 1076 1753 omissurum,
1101 1680 1251 1736 uetante

132 1773 211 1855 operi
228 1770 402 1850 deessent3
428 1778 459 1831 et
474 1768 609 1852 Legatis
634 1769 789 1832 universe
803 1770 1002 1854 permissum
1018 1779 1077 1852 est,
1101 1776 1138 1834 ut
1153 1767 1253 1834 nullis

132 1869 338 1954 praescriptis
371 1866 494 1930 finibus
526 1864 754 1950 eleemosynas
775 1865 985 1950 largirentur.
1032 1867 1107 1930 Hae
1132 1888 1253 1951 magna

131 1978 283 2052 exparte
318 1964 618 2050 suppeditabantur
649 1965 813 2050 episcopis
842 1964 1083 2050 indigentibus,
1112 1986 1252 2050 quorum

131 2075 235 2128 tenues
259 2073 446 2150 proventus
469 2064 613 2147 impares
637 2072 731 2126 erant
754 2063 885 2126 caritati
909 2083 1064 2128 annonae
1081 2085 1098 2127 e
1115 2062 1253 2127 Triden-

130 2164 183 2226 tini
206 2163 268 2227 soli
297 2161 468 2226 sterilitate
498 2161 665 2246 profectae
688 2169 722 2226 et
744 2183 787 2226 ex
809 2161 1001 2246 frequentia
1025 2181 1253 2224 convenarum

130 2271 248 2328 auctae.
295 2260 460 2340 Quocirca
483 2280 618 2323 necesse
641 2258 713 2339 fuit,
739 2268 775 2323 ut
802 2257 1030 2344 compluribus
1058 2281 1078 2322 a
1094 2257 1253 2322 Pontifice

132 2361 286 2424 viaticum
311 2357 627 2440 subministraretur,
662 2370 693 2421 et
722 2367 894 2442 praeterea
928 2360 1125 2424 continuum
1149 2355 1254 2420 subsi-

131 2456 212 2522 dium
236 2458 453 2538 tribueretur,
477 2477 542 2541 quo
567 2455 707 2540 singulis
730 2456 851 2540 viginti
876 2457 1024 2541 quinque
1047 2456 1139 2520 aurei
1164 2476 1253 2519 men-

131 2558 200 2619 strui
233 2554 460 2620 donabantur.
506 2553 546 2618 Id
570 2575 648 2619 vero
672 2553 826 2618 Pontifex
859 2562 1045 2638 optaverat,
1077 2564 1114 2617 ut
1142 2550 1253 2638 quoad

132 2665 231 2734 posset
263 2674 388 2718 arcano
421 2652 523 2733 fieret,
556 2673 598 2716 ne
630 2650 830 2716 beneficium
861 2650 982 2716 rubore
1014 2653 1254 2737 accipientium

133 2749 325 2831 elevaretur,
361 2772 470 2835 neque
503 2748 724 2834 malignorum
763 2747 939 2813 calumniis
974 2759 1116 2834 pateret,
1156 2744 1252 2833 quasi

134 2849 489 2933 nultosstipendiarios
500 2846 993 2932 episcoposTridentiPontifex
1004 2846 1115 2914 aleret.
1141 2844 1207 2910 Sed
1218 2845 1253 2909 id

137 2948 211 3028 qnod
235 2947 425 3012 necessario
449 2944 561 3011 multis
584 2945 737 3024 innotuit,
763 2945 822 3008 vix
846 2945 917 3008 fieri
941 2954 1058 3029 potest,
1090 2954 1127 3008 ut
1149 2945 1252 3007 omni.

134 3039 184 3108 bus
208 3067 279 3110 non
296 3047 491 3108 innotescat.
518 3040 629 3124 Quare
645 3040 849 3128 stipendium
874 3041 966 3123 illud,
992 3041 1081 3128 quod
1096 3041 1253 3106 Pontifex

133 3161 197 3206 cum
222 3144 353 3226 ingenti
378 3140 588 3207 incommodo
612 3140 776 3222 toleravit,
800 3163 842 3206 ne
868 3141 998 3206 caritati
1023 3140 1253 3226 honestatique

132 3238 270 3322 deesset,
303 3240 470 3325 perpetuis
500 3237 783 3321 susurrationibus
816 3237 1075 3303 malevolentiae
1105 3238 1254 3302 fomitem

132 3340 289 3420 praebuit.
337 3335 512 3402 Caeterum
537 3336 667 3400 cordati
688 3335 840 3401 homines
864 3335 1094 3420 intelligebant
1118 3337 1251 3420 optime,

133 3433 318 3521 hujusmodi
342 3436 512 3520 suppetias
535 3435 619 3500 adeo
650 3444 767 3498 tenues
807 3456 888 3516 esse,
928 3443 965 3497 ut
995 3432 1094 3518 longe
1126 3435 1252 3518 gratius

132 3535 303 3600 accidisset
325 3534 501 3617 episcopis,
526 3531 640 3599 habita
663 3533 855 3618 temporarii
880 3532 1045 3598 commodi
1062 3532 1200 3612 ratione,
1225 3532 1252 3594 si

133 3633 330 3717 paupertatis
362 3630 457 3694 titulo
488 3630 635 3696 licuisset
666 3630 756 3715 ipsis,
790 3639 884 3694 extra
909 3628 1070 3695 domicilii
1095 3627 1182 3694 illius
1206 3629 1253 3692 in·

130 3730 300 3816 commoda
324 3739 357 3792 et
380 3727 468 3793 illius
493 3727 576 3792 coeli
599 3728 812 3812 asperitatem
836 3728 901 3792 frui
918 3724 1100 3791 commodis
1117 3747 1251 3790 suarum

133 3828 273 3909 sedium,
298 3827 423 3892 nedum
447 3836 483 3890 ut
505 3825 548 3891 ab
575 3824 764 3890 mercedula
789 3825 890 3890 iidem
915 3824 1119 3888 illicerentur
1142 3823 1185 3886 ad
1207 3822 1252 3886 fa·

133 3925 279 3990 ciendam
304 3925 537 4006 conscientiae,
566 3923 700 3998 honoris
725 3933 757 3987 et
779 3921 943 3986 libertatis
961 3923 1140 4008 jacturam,
1166 3941 1252 3984 emo·

131 4017 280 4088 lumentis
304 4022 473 4106 neglectis,
499 4043 584 4106 quae
609 4019 672 4084 sibi
687 4021 883 4105 conquirere
898 4020 1083 4105 potuissent
1099 4027 1253 4103 reparata

135 4120 179 4181 sui
209 4121 355 4184 muneris
387 4130 559 4205 potestate.
607 4117 833 4198 Quamobrem
864 4140 930 4183 non
964 4118 1100 4183 deerant
1131 4139 1172 4179 ex
1200 4118 1252 4198 iis,

136 4217 185 4299 qui
209 4218 355 4304 quotidie
380 4218 557 4304 plurimam
575 4216 795 4300 indigentiam
811 4217 939 4280 causati
955 4216 1089 4279 veniam
1104 4213 1254 4278 abeundi

1263 967 1305 1008 pro
1319 957 1413 1008 lupis-eo

1318 1020 1361 1070 pls
