3288 4900
460 483 574 538 Ooncilii
593 483 718 551 periodus
736 483 860 538 secunda
1184 485 1234 539 121

130 626 288 698 ,adversum
305 628 479 712 objecerat,
504 649 640 692 neeesse
664 627 781 691 habuit
804 629 872 691 suis
896 628 1038 694 subditis
1061 627 1234 714 perduelli·

139 721 186 785 bus
206 734 290 808 terga
313 725 501 808 ostendere,
536 747 577 788 ne
601 728 741 810 pristina
772 726 842 808 ejus
866 726 1024 790 fortitudo
1049 729 1084 790 in
1108 727 1234 798 temeri-

138 830 220 884 tatem
232 822 344 905 abiret,
369 832 401 886 et
424 822 466 888 ab
483 825 564 909 ipsis
581 827 734 909 captivus
750 845 826 888 cum
840 824 977 909 lmperii
998 823 1235 907 christianique

138 922 256 983 nominis
278 922 423 1006 pernicie
447 921 677 985 abduceretur.
725 921 923 986 Praevalido
954 922 1080 985 scilicet
1104 920 1236 984 Olusiae

136 1019 253 1082 transitu
276 1042 295 1082 a
319 1018 582 1084 Protestantibus
610 1029 781 1104 occupato,
814 1018 870 1082 ille
893 1042 953 1104 per
976 1021 1097 1083 effusas
1121 1021 1236 1082 intem·

135 1125 226 1197 pestae
247 1119 353 1182 noctis
384 1117 525 1199 (20-21
552 1117 645 1200 Maii)
676 1117 831 1180 tenebras
856 1117 1043 1202 Oeniponto
1075 1118 1235 1198 discessit,

135 1213 243 1276 infirma
267 1214 470 1296 valetudine,
503 1214 622 1280 lectica
645 1224 770 1295 vectus,
803 1237 902 1300 quem
932 1215 1037 1300 major
1061 1217 1236 1279 comitatus
1288 1277 1296 1294 Ι

136 1331 199 1394 pare,
223 1333 382 1398 equorum
396 1315 545 1398 penuria,
570 1313 672 1398 pedes
685 1314 719 1376 in
735 1334 774 1376 ea
788 1315 962 1397 repentina
986 1335 1095 1376 rerum
1112 1323 1237 1397 pertur-

137 1405 245 1473 batione
269 1422 382 1474 socuta
406 1420 462 1475 est.
500 1411 570 1475 Nec
594 1410 649 1474 ille
673 1413 707 1474 so
730 1420 838 1474 tutum
864 1410 990 1492 habuit,
1017 1409 1236 1475 donecVilla·

134 1527 190 1569 oum
207 1509 365 1593 oppidum
384 1508 576 1573 Corinthiae
599 1511 753 1594 pervenit
770 1509 963 1572 finitiimum
980 1507 1150 1593 Forojulii,
1175 1507 1236 1571 sub
1287 1555 1297 1578 ,

132 1603 240 1670 Veneta
264 1607 398 1672 ditione.

204 1705 253 1767 ll.
286 1703 471 1768 Concilium
488 1705 622 1789 quidem
640 1714 768 1768 tantum
794 1726 851 1788 pro
877 1704 1011 1768 biennio
1036 1724 1233 1788 suspensum
1265 1763 1389 1812 suspensio

131 1814 193 1882 erat,
223 1803 280 1866 sed
311 1823 426 1887 reapse
457 1804 589 1866 nonnisi
620 1811 696 1886 post
725 1801 840 1864 decem
865 1823 969 1865 annos
1003 1804 1232 1865 continuatum
1278 1826 1376 1866 rursus.

130 1908 176 1962 est.
218 1901 412 1984 Resumptio
437 1901 525 1964 enim
550 1900 711 1984 impedita
736 1909 785 1962 est
807 1921 867 1984 per
886 1899 1069 1963 discordias
1093 1911 1124 1962 et
1147 1897 1234 1962 bella

129 1997 368 2062 christianorum
394 1999 593 2083 principum,
619 2020 704 2082 quae
728 2005 794 2060 toto
816 1996 871 2060 illo
889 1998 1046 2081 temporis
1063 1994 1235 2061 intervallo

129 2095 284 2160 durarunt.
314 2097 489 2160 Praeterea
514 2117 587 2159 cunr
615 2095 802 2159 Concilium
826 2094 869 2158 ad
893 2095 928 2158 id
952 2117 1057 2180 usque
1081 2095 1237 2179 temporis

128 2191 234 2258 Caesar
266 2217 307 2258 ac
331 2193 490 2258 Germani
516 2196 583 2257 suis
607 2193 726 2258 officiis
756 2192 957 2278 auxiliisque
989 2202 1168 2274 curassent,
1200 2215 1239 2256 ac

127 2293 215 2357 semel
238 2295 426 2378 iterumque
450 2301 706 2376 congregassent
730 2301 762 2354 et
785 2293 1029 2373 sustinuissent,
1055 2292 1126 2376 ejus
1149 2291 1239 2354 resti·

126 2394 195 2454 tutio
226 2392 292 2456 illis
323 2390 498 2475 displicere
531 2392 648 2476 coepit.
701 2391 834 2454 Etenim
867 2388 1020 2470 Carolus,
1053 2392 1108 2476 qui
1142 2399 1241 2454 antea

126 2485 287 2571 Synodum
327 2487 418 2552 velut
457 2488 706 2573 componendae
745 2486 945 2552 Germaniae
984 2490 1239 2552 instrumentum

127 2595 296 2671 optaverat,
331 2609 389 2671 spe
412 2585 604 2672 hujusmodi
628 2587 755 2650 frnotus
774 2587 845 2670 jam
870 2585 1011 2670 abjecta,
1044 2585 1175 2670 alteque
1206 2586 1240 2648 in

126 2685 184 2768 ipso
208 2685 385 2748 vulnerata
409 2708 428 2749 a
452 2684 736 2770 perduellionibus
752 2683 928 2750 Germanis
951 2707 990 2748 ea
1015 2687 1134 2749 invicti
1150 2685 1240 2747 Prin-

126 2786 196 2868 cipis
221 2784 470 2848 existimatione
495 2804 595 2868 quam
619 2805 678 2867 per
694 2792 742 2846 tot
764 2782 898 2846 heroica
913 2782 1063 2846 facinora
1087 2782 1150 2846 sibi
1167 2803 1241 2845 oon-

127 2891 290 2964 struxerat,
328 2890 522 2967 perpetuam
559 2881 738 2966 quamdam
774 2881 982 2944 aversionem
1019 2881 1173 2964 concepit
1207 2881 1241 2942 in

129 2979 336 3045 Teutonicum
370 2999 502 3057 nomen,
534 3001 596 3042 nec
620 2980 734 3063 aequis
759 2977 857 3062 plane
889 2978 993 3042 oeulis
1017 2979 1164 3061 aspicere
1188 2997 1241 3061 po-

127 3087 198 3142 terat
223 3078 415 3163 quempiam
440 3075 528 3140 illius
553 3077 706 3155 nationis,
736 3078 832 3162 quasi
856 3076 1050 3140 obscuratae
1075 3097 1153 3138 suae
1177 3073 1242 3158 glo·

124 3180 182 3240 riae
214 3184 478 3240 monumentum.
526 3175 640 3259 Usque
665 3175 758 3256 adeo,
795 3183 830 3236 ut
857 3195 924 3238 non
949 3174 1046 3238 modo
1071 3193 1240 3257 nunquam

122 3285 229 3357 postea
254 3272 472 3338 Germaniam
495 3275 673 3357 repetierit,
707 3273 764 3336 sed
790 3295 905 3357 parurn
935 3282 994 3335 aut
1017 3270 1100 3335 nihil
1124 3291 1243 3355 operae

122 3371 327 3436 Germanicis
358 3373 499 3455 negotiis
523 3371 734 3455 impenderit,
768 3370 889 3454 etjam
914 3368 1099 3453 tumapud
1123 3390 1157 3431 se
1182 3375 1243 3430 sta·

122 3473 226 3550 tuerit,
259 3491 294 3532 se
316 3470 461 3555 Imperio
493 3469 651 3533 abdicare
675 3478 708 3531 et
730 3470 765 3531 in
783 3470 918 3532 fratrem
942 3467 1025 3531 illud
1055 3465 1241 3531 transferre.

121 3567 277 3632 Similiter
301 3588 432 3653 quoque
456 3564 616 3630 Germani
649 3575 775 3630 mutata
806 3568 969 3630 sententia
993 3567 1028 3628 in
1052 3573 1200 3648 apertam
1224 3585 1244 3625 a

121 3665 268 3730 Concilio
301 3665 535 3730 alienationem
568 3667 809 3749 conspirarunt.
857 3663 1027 3727 Haeretici
1057 3663 1114 3747 qui
1138 3659 1180 3724 ab
1206 3683 1243 3724 θο

120 3785 249 3848 semper
280 3765 397 3827 intimo
429 3773 562 3848 pectore
592 3761 842 3842 abhorruerant,
877 3765 1052 3846 ipsumque
1080 3760 1245 3844 petierant

119 3860 188 3924 sola
212 3883 269 3946 spe
294 3883 359 3926 non
385 3860 569 3939 obtinendi,
595 3871 627 3924 et
650 3861 782 3925 interim
807 3859 996 3924 retardandi
1022 3879 1082 3943 per
1097 3878 1170 3922 eam
1191 3879 1243 3942 pe·

119 3961 269 4024 titionem
294 3961 455 4044 impetum
480 3959 694 4022 adversarum
719 3960 851 4039 virium,
871 3957 943 4042 jam
959 3956 1077 4021 harum
1094 3955 1242 4040 deposito

120 4066 209 4120 metu
234 4067 347 4144 aperte
371 4056 630 4137 reluctabantur,
661 4079 703 4120 ne
726 4078 839 4120 rursus
863 4075 935 4118 eam
960 4054 1130 4119 officinam
1153 4055 1244 4116 resti·

119 4163 224 4218 tutam
253 4158 450 4241 aspicerent,
486 4156 520 4217 in
555 4177 620 4240 qua
651 4156 798 4239 ipsorum
828 4153 1024 4238 proscriptio
1049 4150 1243 4215 cudebatur.

121 4250 284 4318 Catholici
316 4275 437 4338 magna
469 4275 511 4316 ex
534 4262 627 4337 parte
651 4252 694 4316 ab
718 4253 874 4337 opinione
907 4250 1037 4335 dejecti,
1074 4247 1162 4334 quod
1186 4269 1246 4332 per
