3034 4894
413 441 454 496 De
472 441 672 510 propagatione
690 441 920 501 Protestantismi,
1194 441 1229 496 39

106 585 233 670 equites
256 583 299 648 ab
325 583 460 648 Alberto
487 587 521 648 in
546 608 621 649 suas
638 595 747 670 partes
762 607 832 648 esse
847 585 1027 666 adductos3
1052 585 1134 650 alios
1149 607 1227 650 vero

106 683 228 746 ducatu
253 685 345 746 exire
364 683 473 767 jussit.
514 683 659 747 Uxorem
676 683 772 747 duxit
789 683 992 748 Dorotheam
1016 682 1119 747 filiam
1142 686 1229 766 regis

106 779 281 864 Daniae.¹)
328 780 497 864 Abrogata
521 781 680 865 religione
712 781 884 862 catholica,
916 780 1172 846 conniventibus
1197 792 1228 845 et

106 877 338 941 deficientibus
363 878 492 942 duobus
515 901 652 964 quoque·
671 881 843 964 episcopis,
873 879 996 965 ubique
1020 879 1227 944 lutheranam

104 979 328 1060 praescripsit,
360 978 535 1062 effecitque
568 987 604 1039 ut
632 999 673 1040 ex
698 977 759 1040 hoc
782 987 929 1062 tempore
953 977 1229 1050 Lutheranismus

103 1075 139 1136 in
163 1073 321 1138 Borussia
346 1075 443 1138 fuerit
467 1075 624 1140 firmatus.
1170 1120 1171 1126 κ

194 1172 247 1235 40.
290 1172 472 1258 *Philippus
497 1172 635 1236 Hessius
672 1195 781 1237 comes
818 1177 928 1255 (natus
958 1197 987 1237 a.
1025 1176 1134 1259 1504),
1155 1177 1227 1260 'qui

103 1290 260 1351 magnam
296 1273 330 1333 in
355 1269 535 1335 Germania
566 1271 825 1356 septemtrionali
857 1273 1038 1356 potentiam
1072 1272 1227 1356 habebat,

102 1366 185 1431 inde
209 1367 251 1431 ab
269 1370 364 1432 initio
381 1369 528 1433 Luthero
553 1370 702 1432 favorem
719 1369 882 1450 exhibuit,
908 1380 939 1432 et
953 1393 983 1434 a.
1001 1371 1086 1436 1525
1101 1371 1228 1454 religio·

102 1487 182 1527 nem
217 1487 340 1529 novam
373 1466 506 1551 publice
539 1467 686 1552 profiteri
719 1470 861 1554 totisque
893 1467 1021 1530 viribus
1052 1467 1229 1532 defendere

101 1565 224 1646 coepit,
250 1575 350 1648 atque
374 1565 417 1628 ad
442 1588 518 1629 eum
542 1565 642 1629 finem
666 1565 799 1629 foedera
825 1588 900 1629 cum
924 1565 998 1630 aliis
1022 1565 1230 1651 principibus

100 1661 249 1724 condere
274 1663 410 1728 studuit.
442 1662 554 1743 Quum
579 1663 873 1728 Lutheranismum
898 1666 932 1728 iu
957 1685 1014 1728 suo
1041 1666 1231 1749 principatu

102 1759 263 1840 firmaret,
293 1751 464 1845 'adjutores
496 1761 615 1825 habuit
647 1761 826 1824 monachos
857 1770 1022 1846 apostatas
1047 1784 1124 1825 vere
1152 1761 1229 1826 furi·

104 1857 247 1938 bundoa
282 1860 330 1920 uti
354 1858 571 1924 Lambertum
596 1859 865 1923 Avenionensem
889 1869 1072 1944 apostatam
1096 1861 1230 1923 Minori·

1259 1173 1379 1222 Philippus

1271 1237 1367 1276 Hassiae

1279 1311 1361 1340 comes.

104 1965 192 2035 tam,
242 1957 446 2040 Dionysium
486 1957 695 2022 Melandrum
733 1968 917 2042 apostatam
959 1958 1228 2038 Dominicanum,
1301 2005 1303 2010 ,

106 2053 274 2116 Joannem
300 2054 432 2138 Lening
465 2064 649 2140 apostatam
682 2054 950 2120 Oarthusianum.
997 2055 1115 2118 Furori
1140 2055 1229 2140 ejus·

106 2151 198 2214 modi
223 2150 396 2216 hominum
422 2155 614 2216 restiterunt
638 2154 773 2238 quidem
803 2153 916 2238 aliqui,
948 2155 996 2217 uti
1027 2177 1053 2216 e.
1078 2176 1109 2238 g.
1134 2154 1237 2217 Nico--

104 2247 178 2312 laus
211 2249 338 2313 Ferber
375 2251 578 2334 guardianus
616 2250 655 2317 Ο.
686 2250 717 2314 S.
748 2252 797 2332 F,
837 2251 894 2314 sed
933 2250 1230 2314 ecclesiasticorum

105 2369 230 2429 magna
260 2369 337 2430 pars
362 2349 513 2412 socordia
543 2349 687 2434 quadam
712 2360 745 2412 et
769 2360 901 2433 stupore
925 2350 1133 2412 innovationi
1167 2371 1230 2412 ces·

104 2447 154 2525 sit,
180 2444 360 2509 multitudo
386 2469 463 2510 vero
489 2447 602 2532 populi
629 2446 731 2510 veluti
754 2469 838 2531 grex
868 2449 982 2540 ovium
1013 2446 1158 2511 adducta
1183 2457 1238 2511 est

105 2544 140 2606 in
163 2542 280 2606 caulas
311 2543 565 2609 haereticorum.
593 2545 705 2608 Bona
744 2545 966 2608 ecclesiastica
1004 2547 1150 2609 maxima
1189 2568 1231 2608 en

108 2651 199 2724 parte
216 2640 393 2727 Philippus
418 2642 481 2706 sibi
507 2643 704 2724 vindicavit,
729 2642 893 2729 quaedam
918 2644 952 2706 in
977 2664 1055 2704 usus
1078 2642 1230 2727 publicos

107 2738 260 2802 adhibita
286 2748 371 2803 sunt.
399 2777 435 2787 -
464 2739 571 2804 Simili
595 2742 723 2804 ratione
748 2742 782 2803 in
807 2739 879 2803 aliis
909 2740 1101 2822 regionibus
1132 2741 1230 2804 refor-

109 2839 207 2900 matio
234 2837 296 2900 ista
320 2837 431 2901 fucata
455 2838 645 2902 introducta
668 2838 732 2900 fuit
759 2860 819 2922 per
845 2839 1024 2922 principes,
1056 2838 1230 2901 civitatum

110 2933 270 3016 gubernio
294 2945 326 2998 et
349 2937 592 3020 praedicatores
608 2935 806 2999 furibundos
823 2934 999 3020 apostatae,
1024 2937 1070 2998 ita
1094 2945 1130 2998 ut
1154 2958 1230 3020 pau·

108 3029 198 3095 latim
226 3034 374 3096 maxima
390 3056 466 3118 pare
482 3032 682 3098 Germaniae
706 3033 981 3118 septemtrionalis
1005 3055 1044 3096 ac
1068 3035 1237 3097 territoria·

107 3130 274 3214 quaedam
299 3129 501 3195 Germaniae
533 3131 759 3196 meridionalis
789 3131 917 3195 haeresi
948 3131 1083 3195 addicta
1111 3141 1229 3195 essent.

181 3344 202 3412 1)
224 3344 267 3396 Ex
294 3359 325 3397 ea
353 3343 448 3397 habuit
467 3343 552 3396 filium
571 3343 713 3397 Albertum
731 3343 911 3406 Friiericurn,
940 3343 985 3409 qui
1009 3344 1034 3397 ei
1059 3344 1187 3398 successit
1207 3359 1230 3400 a.

108 3423 186 3488 1568,
206 3423 253 3476 sed
273 3439 296 3477 a.
317 3423 386 3477 1573
405 3423 434 3476 in
454 3424 616 3493 dementiam
635 3424 739 3478 incidit.
771 3423 823 3477 Hic
842 3439 875 3476 ex
893 3439 975 3476 uxore
994 3439 1043 3476 sua
1062 3423 1149 3476 Maria
1167 3439 1231 3477 non-

106 3505 160 3557 nisi
179 3503 251 3556 filias
271 3503 373 3578 habuit,
393 3505 463 3556 unde
489 3503 660 3570 factumest,
689 3511 721 3557 ut
750 3505 865 3556 altili
891 3503 1005 3556 ducatus
1024 3503 1169 3570 Borussiae
1197 3503 1230 3556 ad

105 3591 256 3652 cognatum
280 3584 422 3637 electorem
441 3583 728 3652 Brandenburgensem
751 3583 902 3637 Johannem
920 3583 1121 3651 sigismundum
1146 3581 1230 3636 defer·

105 3669 189 3717 retur
213 3695 247 3702 —
268 3663 396 3718 Albertus
420 3663 522 3730 primus
546 3663 592 3717 ille
615 3680 648 3717 ex
674 3663 810 3730 apostasia
827 3663 972 3716 Borussiae
999 3664 1060 3727 dux,
1089 3678 1170 3729 quum
1198 3663 1231 3715 ad

107 3745 305 3811 provectiorem
324 3744 479 3810 perveniret
498 3748 618 3797 aetatem
635 3743 796 3798 remorsibus
815 3743 995 3796 conscientiae
1008 3749 1036 3796 et
1049 3743 1233 3796 admonitione

106 3823 261 3877 Cardinalis
289 3822 366 3876 Hosii
394 3827 482 3877 motus
510 3829 559 3888 est,
590 3823 633 3878 uti
657 3824 773 3888 videtur,
805 3824 839 3876 ad
863 3822 1050 3876 resumendam
1072 3822 1231 3891 religionem

108 3903 277 3962 catholicam.
304 3903 354 3956 Sed
373 3903 518 3970 impeditus
538 3903 592 3957 fuit
611 3904 751 3970 quominus
770 3917 830 3956 eam
847 3903 952 3970 publice
964 3901 1139 3970 profiteretur
1157 3908 1184 3956 et
1203 3903 1231 3955 in

107 3983 249 4036 territorio
276 3997 324 4037 suo
352 3983 533 4037 restauraret
548 3999 565 4036 a
582 3983 727 4037 Borussiae
754 3982 878 4047 statibus,
910 3984 955 4050 qui
984 3982 1150 4036 consiliarios
1175 3983 1231 4050 ejus

109 4062 206 4117 ultimo
219 4063 349 4130 supplicio
357 4061 506 4116 affecerunt
514 4064 755 4130 ipsumquedncem
768 4061 816 4116 sub
825 4064 946 4116 custodia
959 4063 1143 4116 detinuerunt.
1163 4062 1232 4116 Sunt

109 4149 200 4198 tamen
227 4144 294 4196 haec
321 4158 375 4196 uon
401 4143 482 4210 plane
511 4137 605 4210 certa}
632 4159 665 4196 ex
683 4150 790 4197 natura
818 4144 857 4196 rei
876 4144 948 4197 enim
971 4143 1101 4210 quaedam
1120 4142 1233 4196 obscura

110 4229 275 4278 manserunt.
