3034 4894
294 517 329 570 22
420 517 562 570 XXXVII.
581 517 621 575 De
640 515 729 570 initiis
748 532 780 570 ac
798 516 831 570 de
848 531 959 584 propag.
979 515 1289 582 pseudoretormationis.

294 661 432 723 vitatem
457 681 576 724 causae
600 670 712 724 tamen
736 658 819 723 nulli
842 659 909 724 fere
934 659 1189 745 perspiciebant,
1215 659 1273 723 sed
1288 669 1326 722 ut
1342 681 1419 724 con·

293 761 487 823 troversiam
521 756 661 821 similem
690 757 952 821 Reuchlinianae
987 779 1108 822 novam
1140 757 1226 822 hanc
1258 757 1419 821 habuere.

294 857 408 922 Socios
438 857 654 920 doctrinarum
685 878 817 920 suarum
843 856 937 920 initio
962 856 1129 920 Lutherus
1152 855 1272 919 habuit
1295 855 1418 940 profes·

293 976 381 1018 sores
404 953 732 1037 Wittcmbergenses.
762 961 764 967 ’

175 1062 269 1100 vmffi
382 1053 435 1117 21.
484 1051 596 1132 Quum
629 1062 722 1116 tanta
754 1053 942 1115 animorum
974 1053 1150 1116 commotio
1186 1074 1246 1136 per
1275 1052 1418 1116 Lutheri

292 1150 401 1214 theses
417 1160 532 1216 exorta
548 1159 642 1232 esset,
666 1149 819 1213 Tetzelus
835 1148 1117 1233 indulgentiarum
1133 1150 1418 1234 praedicationem

292 1248 474 1333 suspendit,
499 1248 587 1333 quod
611 1248 781 1312 fructuosa
805 1250 1010 1312 continuatio
1026 1271 1068 1311 cx
1083 1250 1130 1311 rei
1144 1259 1263 1312 natura
1275 1248 1417 1312 Lutheri

290 1348 500 1430 aggressione
524 1346 751 1431 impediretur.
784 1348 860 1431 Ipse
884 1368 963 1410 vero
979 1348 1117 1424 censuit,
1141 1345 1335 1410 refutandos
1351 1346 1416 1410 sibi

291 1467 362 1510 esse
386 1465 509 1509 errores
532 1444 681 1526 Lutheri,
714 1445 804 1507 unde
828 1445 994 1529 profectus
1018 1454 1067 1508 est
1090 1443 1346 1507 Franccfurtum
1372 1443 1416 1507 ad

290 1543 427 1608 Oderim
462 1551 561 1627 atque
600 1542 725 1607 ibidem
760 1543 822 1607 106
860 1542 1041 1607 antitheses
1078 1552 1192 1607 contra
1229 1541 1414 1605 Lutherum

290 1629 423 1726 publice
447 1640 675 1704 defendendas
705 1643 850 1725 suscepit
874 1640 984 1705 adhuc
1009 1640 1124 1704 eodem
1156 1661 1259 1719 anno,
1293 1661 1415 1725 easque

291 1739 401 1824 praelo
427 1732 640 1820 mandavit.'¹)
688 1738 922 1803 Controversia
954 1748 1024 1802 orta
1060 1748 1117 1817 est,
1153 1747 1264 1802 utrum
1297 1758 1416 1800 revera

292 1837 453 1916 Tetzelus,
486 1860 529 1900 an
553 1858 632 1900 vero
655 1835 829 1922 Wimpina
847 1837 851 1851 ⁸
866 1835 1038 1922 theologus
1062 1835 1200 1900 celebris
1239 1844 1271 1898 et
1307 1845 1415 1899 rector
1514 1859 1515 1888 1

292 1936 495 2000 Academiae
525 1935 825 1998 Francot'urtiensis
862 1934 935 1999 illas
973 1934 1083 1998 theses
1122 1935 1317 2008 confecerit;
1356 1933 1414 1996 sed

291 2033 526 2097 nullumadest
540 2032 681 2097 solidum
699 2043 943 2117 argumentum,
958 2055 1022 2119 quo
1039 2031 1413 2098 ostendaturTetzelum
1514 2039 1515 2070 ³

290 2155 355 2196 non
393 2131 496 2195 fuisse
531 2141 699 2195 auctorem
737 2131 869 2196 illarum
907 2133 1180 2217 propositionum.
1236 2130 1412 2194 Caeterum
1514 2139 1515 2196 i

288 2252 390 2317 quum
415 2231 638 2315 disputatione
661 2229 718 2294 illa
742 2229 839 2294 simul
858 2230 1000 2294 doctoris
1016 2230 1157 2314 gradum
1182 2229 1236 2292 hic
1264 2227 1413 2294 obtinere

288 2329 396 2410 vellet,
421 2339 458 2391 ut
480 2327 627 2392 Luthero
652 2328 768 2414 majori
794 2351 869 2392 cum
894 2328 1057 2413 dignitate
1086 2330 1264 2409 resisteret,
1297 2325 1414 2411 proba·

287 2426 407 2508 biliter,
441 2428 488 2489 uti
513 2427 583 2490 fieri
609 2426 699 2508 solet,
731 2427 910 2512 Wimpina
934 2428 968 2491 in
993 2425 1195 2490 adornandis
1219 2426 1412 2509 propositio·

287 2525 386 2589 nibus
410 2547 544 2588 manum
577 2523 730 2610 praebuit
753 2525 962 2611 adjutricem.
1011 2525 1064 2588 Ex
1089 2526 1160 2588 istis
1184 2521 1334 2585 thesibus
1358 2544 1412 2607 ap-

286 2636 388 2709 paret,
420 2622 590 2686 Tetzelum
616 2626 764 2686 animum
788 2623 993 2687 haereticum
1018 2623 1158 2686 Lutheri
1185 2623 1257 2707 jam
1282 2643 1412 2706 perspe-

286 2725 391 2802 xisse,
425 2743 491 2784 non
516 2720 620 2785 solum
646 2723 734 2786 enim
759 2721 983 2806 indulgentias
1008 2723 1138 2805 egregie
1162 2720 1323 2799 vindicat,
1356 2718 1412 2783 sed
1513 2737 1514 2804 j

287 2823 432 2884 maxime
461 2821 559 2882 etiam
586 2821 707 2883 insistit
731 2821 765 2883 in
790 2820 913 2884 tuenda
943 2821 1141 2884 auctoritate
1165 2818 1203 2884 R.
1228 2818 1411 2901 Pontificis,
1513 2853 1514 2870 .

287 2929 319 2982 et
349 2917 553 2981 ostendenda
588 2919 795 3002 oppositione
825 2917 966 2981 Lutheri
1002 2928 1117 2982 contra
1153 2914 1410 2980 ecclesiasticam

286 3018 526 3080 auctoritatem.
550 3053 594 3063 —
618 3016 784 3080 Lutherus
808 3038 958 3080 sermone
991 3015 1181 3096 vernaculo,
1217 3024 1254 3078 ut
1277 3014 1411 3078 Tctzelo

284 3113 508 3199 responderet,
533 3113 638 3178 edidit
662 3113 876 3178 anaticulos
894 3115 934 3178 de
949 3112 1160 3198 Indulpoutiis
1176 3113 1263 3176 etde
1281 3111 1411 3192 Gratia,

286 3214 391 3297 iisque
415 3211 662 3275 multitudinem
687 3211 797 3276 adhuc
815 3214 920 3296 magis
937 3213 1127 3276 commovit.
1159 3208 1314 3275 Tetzelus
1332 3233 1411 3276 vero

286 3310 330 3374 50
354 3309 427 3373 aliis
451 3309 601 3376 thesibus
625 3309 748 3373 luctam
773 3318 888 3374 contra
912 3310 1098 3375 Lutherum
1124 3310 1346 3390 continuavit,
1372 3332 1410 3373 ac

285 3409 329 3473 20
352 3407 566 3471 articulorum
590 3409 690 3472 etiam
715 3407 854 3472 solidam
879 3408 973 3473 dedit
995 3407 1271 3488 refutationem.²)

374 3508 426 3570 22.
474 3505 614 3590 Scripsit
638 3507 736 3570 etiam
762 3508 872 3572 statim
903 3516 1016 3572 contra
1039 3506 1226 3571 Lutherum
1251 3504 1411 3568 Silvester

284 3604 423 3668 Mazzoli
437 3626 494 3668 seu
507 3605 649 3668 Priarias
662 3603 702 3670 Ο.
713 3605 761 3683 P,
777 3604 936 3689 Magister
946 3607 1031 3672 sacri
1039 3605 1171 3685 Palatii,
1185 3602 1408 3685 Dialogum,³)

356 3819 376 3886 ¹)
395 3819 446 3884 Ap.
465 3817 589 3882 Loscher,
610 3818 627 3874 1.
647 3833 667 3872 o.
688 3817 708 3870 1.
731 3819 790 3874 lot.
821 3819 930 3873 Falsum
950 3823 999 3882 est,
1020 3833 1035 3869 a
1054 3817 1164 3870 Tetzelo
1183 3816 1299 3872 Lutheri
1319 3816 1407 3870 theses

283 3914 341 3953 esse
368 3898 531 3965 combustos;
560 3898 606 3952 sed
625 3898 729 3952 Tetzeli
754 3898 844 3952 theses
863 3898 1082 3966 Wittembergae
1107 3913 1124 3950 a
1148 3896 1276 3950 studiosis
1302 3897 1332 3950 in
1351 3897 1407 3952 foro

282 3977 438 4033 solemniter
456 3978 609 4031 combustae
627 3983 699 4034 sunt.

355 4059 378 4126 2)
397 4059 430 4112 V.
450 4058 543 4123 Evers,
563 4059 665 4112 Martin
684 4059 795 4124 Luther,
814 4061 844 4114 Τ.
864 4061 886 4117 Ι.
907 4077 932 4127 p.
951 4059 1005 4113 233
1024 4075 1080 4125 sqq.

356 4138 379 4209 ⁸)
399 4136 530 4205 Dialogus
558 4153 612 4198 rev,
637 4139 681 4192 rr.
708 4139 832 4193 Silvestri
861 4140 1004 4194 Prieriatis
1025 4139 1054 4195 Ο.
1073 4139 1103 4192 Ρ.
1133 4155 1225 4192 sacrae
1254 4138 1405 4210 theologiae

282 4217 441 4285 professoris
466 4218 643 4284 celeberrimi,
672 4221 795 4286 sacrique
820 4221 921 4274 Palatii
947 4220 1087 4287 Magistri,
1116 4221 1145 4272 in
1172 4225 1404 4287 praesumptuosas

282 4299 397 4353 Martini
409 4297 523 4352 Lutheri
542 4300 726 4353 conclusiones
739 4300 772 4354 de
785 4306 923 4368 potestate
933 4301 1031 4368 Papae.
1050 4302 1100 4368 Ap.
1113 4299 1228 4352 Loscher
1247 4299 1264 4356 1,
1280 4299 1349 4356 011,
1364 4299 1403 4352 12.
