3020 4908
335 507 390 562 402
524 506 612 562 XLII.
648 507 689 560 De
707 509 785 560 statu
802 505 940 560 Ecclesiae
957 520 1026 559 saec.
1046 505 1148 559 decimo
1167 509 1274 561 octavo.

194 651 301 754 ἓξὲξ·
336 650 411 714 licis
434 652 553 714 iterum
578 671 647 713 esso
671 648 925 735 procurandam.
969 647 1171 712 Benedictus
1185 648 1274 712 XIV
1297 647 1440 712 similibus

212 727 283 826 {aaa
338 748 512 834 principiis
536 748 629 811 nisus
651 769 768 811 revera
791 747 932 812 feliciter
956 769 1013 832 pro
1038 758 1186 831 tempore
1211 746 1327 811 saltem
1349 747 1439 832 aliquo

336 868 388 910 res
412 845 642 925 ordinaveram
668 845 747 908 dum
762 867 841 910 vero
859 844 1013 910 Clemens
1029 845 1116 908 XIII
1140 867 1262 930 magna
1286 867 1360 909 cum
1383 867 1442 909 con·

337 944 458 1008 stantia
476 943 554 1028 jura
569 942 739 1006 Ecclesiae
763 953 957 1025 asseruerat,
983 941 1231 1006 molestissimae
1248 942 1442 1008 difficultates

336 1050 427 1105 ortae
443 1050 547 1104 erant.
581 1038 733 1105 Clemens
745 1042 830 1105 XIV
843 1043 945 1126 igitur
960 1062 1018 1125 pro
1031 1039 1143 1104 indole
1156 1062 1214 1104 sua
1229 1043 1349 1105 iterum
1361 1041 1443 1105 aliam

337 1141 427 1203 viam
451 1140 538 1205 iniit.
582 1140 658 1223 Ipse
682 1149 794 1204 tamen
819 1141 971 1224 ingenio,
995 1139 1264 1225 perspicacitate,
1297 1151 1332 1203 et
1353 1150 1443 1204 aucto·

335 1238 433 1301 ritate
456 1236 620 1321 personali
645 1259 712 1301 non
736 1238 902 1324 aequabat
924 1237 1144 1301 Benedictum
1168 1237 1269 1320 XIV,
1296 1261 1337 1302 ac
1360 1238 1444 1302 multo

336 1335 526 1399 difficiliora
566 1345 660 1400 erant
691 1345 878 1421 temporum
912 1335 1086 1421 adjuncta3
1129 1337 1175 1399 ita
1215 1336 1380 1400 adductus
1408 1347 1445 1399 cst

336 1433 392 1497 hio
415 1433 589 1516 Pontifex,
619 1442 656 1497 ut
679 1434 823 1497 influxui
848 1433 997 1498 aularum
1022 1433 1204 1497 admodum
1229 1434 1377 1517 coderet,
1409 1445 1446 1496 ut·

336 1553 401 1618 que
425 1531 467 1596 ad
491 1530 708 1596 obtinendam
734 1533 917 1595 amicitiam
941 1533 1132 1617 principum
1159 1533 1260 1595 etiam
1284 1534 1322 1595 in
1345 1531 1445 1596 mediis

336 1630 536 1695 adhibendis
560 1628 750 1714 indulgeret
772 1631 935 1712 angustiis
959 1639 1154 1714 temporum.
1173 1668 1216 1677 —
1235 1630 1447 1694 Annuntiavit

337 1729 572 1793 exaltationem
604 1750 698 1793 suam
730 1727 815 1791 aulis
840 1727 1022 1812 majoribus
1052 1726 1169 1791 litteris
1202 1731 1339 1814 propria
1363 1749 1447 1791 manu

337 1828 467 1912 scriptis
499 1837 531 1890 et
561 1825 712 1890 sensibus
742 1827 910 1889 maximae
940 1826 1106 1889 amicitiae
1136 1826 1283 1908 refertis,
1321 1847 1447 1911 moxque

336 1935 499 2011 quantum
523 1935 652 2010 poterat
675 1933 851 2009 acceptum
875 1945 909 1987 se
939 1923 1078 1987 reddere
1103 1923 1230 1987 studuit
1253 1924 1447 2010 principibus

336 2044 517 2108 eorumque
541 2023 712 2086 ministris.
757 2021 921 2085 Nuntium
946 2023 1035 2084 misit
1059 2022 1093 2085 in
1118 2021 1342 2104 Lusitaniam,
1366 2034 1396 2086 et
1415 2022 1446 2084 ad

336 2119 585 2184 conciliandum
621 2120 684 2183 sibi
718 2119 945 2184 marchionem
978 2119 1213 2184 Sebastianum
1247 2119 1290 2183 de
1325 2117 1446 2184 Pombal

338 2220 527 2282 ministrum
544 2221 682 2302 regium,
702 2218 797 2303 cujus
812 2227 895 2281 nutu
912 2216 980 2281 illio
997 2239 1048 2280 res
1065 2217 1307 2300 dirigebantur,
1324 2218 1445 2282 Paulum
1487 2265 1488 2314 ἦ

336 2316 472 2380 fratrem
497 2317 568 2401 ejus
593 2318 721 2380 creavit
746 2315 968 2380 Cardinalem.
1015 2315 1076 2378 Vir
1102 2315 1236 2401 quidem
1261 2315 1386 2400 dignus
1406 2315 1445 2378 bic
1487 2315 1488 2338 ¹

334 2415 437 2479 fuisse
462 2414 605 2496 videtur,
631 2415 687 2477 sed
712 2416 873 2477 nonsatis
893 2413 1040 2498 prudens
1064 2435 1103 2477 ac
1117 2413 1280 2498 providus
1306 2415 1342 2477 in
1359 2413 1446 2477 observ

338 2511 457 2575 vandis
482 2512 577 2577 Sedis
592 2511 804 2596 Apostolicae
824 2511 966 2596 juribus.
1014 2509 1094 2574 Sine
1118 2533 1282 2575 consensu
1308 2510 1446 2576 videlicet

336 2607 371 2674 S.
396 2609 491 2674 Sedis
523 2632 551 2673 a.
579 2609 661 2673 1761
695 2610 801 2672 factus
826 2618 896 2672 orat
919 2611 1100 2693 Inquisitor
1121 2608 1306 2692 generalis,
1341 2632 1380 2672 ac
1402 2605 1443 2670 sub

337 2709 409 2792 ipso
441 2730 461 2770 a
486 2707 659 2793 judicibus
690 2708 815 2792 iniquis
846 2706 882 2769 P.
911 2705 1094 2789 Malagrida
1125 2705 1158 2772 S.
1182 2707 1215 2772 J.
1246 2707 1291 2772 ob
1322 2709 1446 2770 rationes

337 2804 448 2869 futiles
463 2805 639 2869 damnatus
650 2815 686 2868 ut
700 2804 897 2886 haereticus,
914 2804 991 2868 dein
1006 2804 1122 2868 ultimo
1134 2804 1300 2890 supplicio
1312 2804 1446 2868 addictus

336 2910 396 2967 est.
428 2902 521 2968 Obiit
536 2924 614 2966 voro
633 2902 759 2967 Paulus
777 2902 817 2966 de
835 2901 982 2983 Pombal,
1001 2911 1179 2988 antequam
1196 2904 1347 2987 insignia
1364 2898 1447 2964 cardi-

337 2999 454 3064 nalitia
470 3000 513 3064 ad
530 3022 605 3063 eum
620 3010 854 3086 pervenerunt.
889 2998 1042 3064 Clemens
1059 3000 1142 3063 XIV
1158 3000 1446 3064 reconciliationem

338 3119 435 3182 porro
460 3120 535 3161 oum
561 3099 645 3162 duee
668 3099 809 3163 Parmae
834 3107 865 3162 et
888 3098 1078 3162 Placentiae
1102 3097 1261 3180 confecit3
1289 3113 1446 3183 suppresso

338 3195 438 3259 Brevi
464 3194 643 3260 Clementis
666 3196 754 3260 XIII
786 3206 818 3259 et
850 3196 1095 3281 dispensatione
1120 3196 1360 3260 matrimoniali
1390 3214 1447 3256 con·

337 3315 431 3357 cessa
447 3293 524 3357 duci
540 3294 719 3377 gratificari
737 3294 873 3360 studuit.
905 3294 959 3358 Ab
976 3316 1088 3358 annua
1103 3292 1335 3378 publicatione
1351 3289 1447 3357 Bullas
1485 3313 1486 3328 ¹

337 3393 377 3455 Ie
405 3388 508 3456 Coena
538 3392 671 3456 Domini
700 3395 827 3477 primus
858 3392 1028 3457 abstinuit.
1083 3392 1138 3457 Sic
1169 3392 1335 3476 paulatim
1366 3393 1446 3455 etlam

338 3511 416 3552 cum
440 3489 525 3553 aulis
540 3489 736 3574 Hispaniae,
762 3487 891 3553 Galliae
916 3498 947 3553 et
961 3489 1118 3574 Neapolis
1142 3491 1177 3553 in
1193 3493 1340 3575 gratiam
1356 3487 1446 3556 rediit,

337 3608 453 3651 eorum
470 3586 753 3671 expostulationes
769 3587 916 3671 placavit
939 3596 972 3651 et
985 3588 1207 3670 Avenionem,
1232 3589 1445 3653 Beneventum

338 3695 373 3750 et
394 3684 714 3750 Pontum-Corvum
739 3688 958 3770 recuperavit.

428 3785 480 3848 33.
528 3782 593 3847 Sed
618 3785 744 3847 interea
766 3785 930 3868 gubernio
954 3782 1010 3847 illa
1034 3783 1194 3847 violentia
1218 3785 1364 3870 quadam
1384 3779 1443 3844 furi·

339 3880 453 3945 bunda
486 3881 649 3966 urgebant
681 3880 897 3964 Pontificem,
935 3889 971 3945 ut
1002 3879 1202 3945 Societatem
1226 3883 1312 3948 ‚Iesu
1344 3877 1442 3945 exstiu·
1484 3901 1485 3928 l

337 3988 464 4064 gueret.
511 3980 585 4043 Non
616 4001 741 4064 paucos
766 3979 973 4043 adversarios
998 3977 1145 4043 Societas
1169 3979 1268 4062 haec,
1301 3982 1349 4044 uti
1378 3974 1441 4039 dixi·

341 4098 430 4158 mus,
454 4078 541 4140 iuter
565 4075 759 4141 Cardinales
783 4087 815 4140 et
839 4077 874 4140 in
899 4075 993 4140 Claro
1019 4077 1161 4142 decursu
1184 4081 1342 4164 temporis
1363 4085 1438 4140 nacta

339 4185 418 4240 erat.
466 4175 622 4238 Pontifex
654 4176 726 4260 ipse
765 4184 842 4238 ante
882 4176 1113 4260 pontificatum
1147 4199 1244 4241 suum
1284 4176 1384 4240 eidem
1414 4189 1437 4230 st

341 4293 408 4336 non
430 4272 597 4336 infensum
614 4273 811 4354 ostenderat,
836 4275 896 4336 etsi
922 4295 983 4337 nec
1005 4273 1141 4358 speciali
1164 4275 1278 4339 favore
1302 4294 1369 4337 eam
1382 4287 1434 4354 pro·
