3020 4908
391 495 431 549 De
449 494 637 563 suppressione
655 493 799 550 &cicutis
816 494 891 553 Jesu.
1147 495 1204 549 429

80 638 266 724 Hispaniae
298 649 424 725 septem
460 637 629 702 districtus
652 637 931 723 Paraguarienses
964 660 1040 703 cum
1074 638 1365 744 coloniaffllffiz

77 736 276 802 Lusitanice
299 737 367 804 San
382 734 598 820 sagramento
623 745 852 821 permutasset,
877 745 910 800 et
925 735 1203 820 Paraguarienses

78 834 250 900 Lusitanis
273 836 514 922 possessiouem
538 834 685 919 capturis
709 843 837 898 armata
851 855 952 898 manu
977 855 1012 898 se
1036 836 1203 920 opposuis-

77 942 170 1017 sent,
202 932 342 998 Pombal
364 933 511 998 Jesuitas
534 932 722 1012 accusavit,
755 953 795 996 ac
819 932 846 996 si
870 930 1028 1017 populum
1053 932 1096 996 ad
1120 932 1204 996 sedi-

76 1030 204 1093 tionem
229 1032 438 1112 excitassent,
463 1039 496 1094 et
519 1032 552 1094 in
569 1029 689 1115 vulgus
706 1031 836 1115 sparsit,
862 1030 934 1095 illos
950 1032 984 1094 in
1001 1031 1204 1116 Paraguaria

77 1149 238 1211 magnum
276 1150 415 1214 regnum
455 1128 630 1209 fundasse,
669 1149 840 1214 unumque
880 1150 993 1193 eorum
1028 1128 1203 1193 Nicolaum

78 1228 215 1290 nomine
238 1249 350 1311 regem
375 1249 462 1308 esse,
487 1247 608 1312 magno
632 1227 782 1290 exercitu
805 1235 838 1290 et
861 1225 1052 1311 ingentibus
1075 1227 1204 1292 divitiis

77 1326 289 1392 instructum.
336 1326 416 1390 Mox
439 1325 589 1391 Jesuitae
613 1323 767 1388 Lusitani
792 1346 834 1388 ex
857 1323 1093 1410 Maragnonia,
1125 1324 1203 1388 Bra·

77 1422 172 1487 silias
196 1425 387 1509 provincia,
423 1425 457 1488 in
482 1445 548 1509 qua
579 1422 622 1486 ad
647 1421 889 1487 convertendos
920 1422 1006 1486 feros
1029 1421 1203 1507 indigenas
1291 1439 1295 1447 ·

77 1523 269 1586 missionem
302 1520 490 1602 habebant,
524 1520 673 1607 expulsi,
707 1522 743 1584 in
766 1515 941 1584 Lusitania
963 1541 1042 1584 vero
1067 1541 1203 1585 munere

45 1619 274 1684 *moderandi
308 1620 528 1686 conscientias
560 1619 707 1686 familiae
730 1620 842 1702 regiae
877 1627 910 1681 et
932 1617 1116 1682 aulicorum
1140 1620 1203 1703 pri·

77 1719 148 1781 vati
173 1727 258 1801 sunt,
284 1724 317 1781 et
332 1716 472 1782 Pombal
495 1719 582 1801 regis
606 1718 740 1782 nomine
764 1738 851 1781 anno
878 1715 963 1781 1758
987 1715 1077 1801 apud
1100 1715 1203 1780 Bene-

76 1814 205 1879 dictum
229 1815 313 1880 XIV
338 1816 406 1900 egit
435 1813 476 1878 de
499 1814 711 1879 reformanda
735 1812 899 1878 Societate
928 1814 963 1877 in
991 1814 1086 1877 terris
1110 1813 1203 1878 Lusi·

74 1913 188 1977 taniae
214 1935 254 1978 ac
278 1914 305 1977 si
329 1935 349 1976 a
372 1911 570 1997 primigenio
595 1933 654 1976 suo
678 1913 833 1976 Instituto
858 1910 1041 1976 defecisset.
1090 1910 1202 1992 Quum

74 2010 245 2097 Josephus
273 2032 333 2075 rex
363 2018 459 2074 nocte
492 2011 611 2092 (3--4ο
635 2010 725 2095 Sept.
760 2032 789 2075 a.
824 2008 923 2091 1758)
956 2030 998 2072 ex
1029 2009 1202 2095 metropoli

75 2110 111 2172 in
137 2107 308 2173 castellum
333 2129 429 2172 suum
454 2109 604 2172 vicinum
636 2117 806 2172 revertens
829 2129 850 2171 a
874 2106 1002 2171 sicariis
1032 2107 1202 2192 impetitus

76 2216 109 2270 et
140 2205 334 2271 vulneratus
364 2215 466 2287 esset,
502 2204 642 2270 Pombal
672 2205 760 2269 hano
789 2205 953 2290 arripiens
984 2205 1202 2286 occasionem,

75 2305 356 2390 conspirationem
382 2312 497 2368 contra
518 2305 622 2368 vitam
646 2304 733 2387 regis
756 2302 931 2368 adesuitis
955 2311 987 2366 et
1010 2302 1203 2387 proceribus

75 2401 279 2488 quibusdam
312 2422 394 2488 quos
417 2402 489 2486 pari
514 2400 622 2466 studio
653 2400 781 2483 oderat,
816 2401 933 2464 initam
958 2401 1119 2464 confinxit
1127 2449 1135 2482 ,
1170 2410 1203 2464 et

76 2500 194 2564 decem
216 2500 364 2565 Jesuitas
394 2501 428 2563 in
452 2508 552 2564 tetros
577 2499 720 2585 conjecit
748 2521 913 2581 carceres,
946 2520 1099 2584 proceres
1123 2520 1201 2563 vero

75 2606 202 2682 septem
227 2599 346 2683 capitis
371 2597 561 2674 damnavit,
595 2618 735 2683 quorum
759 2597 986 2661 innocentiam
1010 2605 1123 2682 postea
1145 2618 1202 2682 gu·

73 2694 230 2759 bernium
268 2695 463 2759 Lusitaniae
501 2696 537 2758 in
574 2694 692 2759 litteris
731 2693 874 2780 publicis
919 2695 1101 2780 professum
1141 2704 1199 2761 est.

74 2791 178 2855 Anno
195 2790 279 2855 1759
303 2791 509 2877 publicatum
534 2801 583 2857 est
604 2791 761 2874 edictum,
786 2813 851 2878 quo
867 2792 1016 2858 Jesuitae
1040 2815 1102 2856 ceu
1118 2793 1201 2857 sedi·

74 2890 162 2971 tiosi,
187 2888 379 2974 proditores,
409 2891 537 2954 inimici
561 2891 648 2974 regis
673 2899 705 2953 et
727 2889 868 2954 aliorum
893 2891 1068 2954 criminum
1093 2891 1141 2952 rei
1158 2891 1200 2954 in

73 2996 273 3072 perpetuum
305 2986 522 3051 eLusitania
551 2987 795 3072 relegabuntur.
842 2987 936 3052 Boua
960 2986 1089 3052 illorum
1121 2987 1199 3052 fisco

73 3083 227 3164 addicta,
264 3086 328 3169 ipsi
353 3106 431 3149 vero
462 3087 553 3149 omni
577 3084 725 3149 subsidio
757 3084 905 3149 destituti
937 3087 972 3149 in
999 3085 1199 3150 territorium

72 3181 284 3267 pontificium
317 3181 461 3247 navibus
486 3183 668 3270 deportati,
702 3183 756 3248 vel
780 3186 815 3248 in
838 3183 1020 3248 horrendos
1051 3205 1199 3248 carceres

72 3280 217 3365 conjecti
241 3289 326 3357 sunt,
352 3282 387 3345 in
410 3279 534 3367 quibus
550 3284 653 3347 vitam
669 3282 889 3347 miserrimam
905 3290 1079 3346 traxerunt
1094 3302 1199 3367 usqne

72 3377 117 3441 ad
142 3386 284 3440 mortem
307 3377 446 3463 Josephi
471 3400 556 3465 quae
580 3401 609 3444 a.
637 3381 722 3443 1777
746 3379 878 3444 accidit.

165 3473 218 3540 66.
256 3475 296 3538 In
317 3473 462 3540 Galliam
484 3476 644 3558 Jesuitae,
668 3485 827 3560 regnante
843 3477 1021 3540 Franciseo
1036 3475 1080 3558 11,
1106 3498 1199 3562 supe-

71 3573 155 3636 ratis
178 3571 442 3656 difficultatibus,
467 3595 488 3637 a
504 3572 662 3638 Praelatis
679 3574 821 3638 Pisciaci
846 3595 933 3638 anuo
956 3572 1039 3638 1561
1066 3595 1199 3658 congre·

69 3671 170 3753 gatis,
194 3670 256 3735 sub
281 3671 373 3734 duris
396 3671 659 3735 restrictionibus
681 3673 804 3756 recepti
829 3680 917 3737 sunt.
956 3671 1067 3752 Quum
1087 3681 1197 3736 autem

70 3768 222 3834 Joannes
246 3765 364 3832 chatel
387 3791 475 3833 anno
502 3768 589 3834 1594
612 3769 798 3833 Henricum
821 3769 870 3834 IV
895 3791 937 3832 ex
961 3769 1091 3833 insidiis
1115 3770 1198 3833 occi-

70 3865 153 3930 dere
177 3875 343 3948 tentasset,
368 3865 653 3931 senatuseonsulto
679 3868 792 3954 inique
817 3889 858 3932 ex
874 3865 929 3931 illo
946 3887 1047 3950 regno
1061 3866 1197 3952 relegati

69 3971 164 4045 sunt3
189 3986 209 4026 a
224 3984 301 4047 rege
317 3972 429 4028 tamen
446 3973 520 4050 post
534 3964 649 4028 decem
664 3987 769 4030 annos
786 3967 904 4029 iterum
920 3966 1078 4046 revocati,
1099 3963 1197 4030 latius

70 4083 175 4148 quam
198 4069 297 4125 antea
319 4064 493 4148 propagati
518 4072 595 4126 sunt
618 4084 657 4126 ac
680 4083 898 4148 permagnum
924 4060 1139 4126 obtinuerunt
1162 4063 1197 4126 in

68 4159 151 4224 aula
182 4168 214 4222 et
237 4158 327 4244 apud
350 4180 503 4245 proceres
531 4159 707 4225 influxum.
752 4161 882 4224 Verum
913 4158 1043 4224 saeculo
1068 4160 1196 4225 decimo

69 4257 214 4342 septimo
258 4257 294 4319 in
334 4255 444 4322 Gallia
484 4279 577 4322 acres
619 4257 828 4321 adversarios
871 4258 961 4321 nacti
999 4266 1097 4340 sunt,
1139 4260 1196 4344 qui
