3336 4908
478 457 530 514 256
882 460 939 516 XL.
958 461 999 514 De
1017 461 1197 515 Jansenismo.

478 602 620 683 latam.¹)
667 601 798 688 Reliqui
824 613 896 666 octo
915 601 1125 673 Consultores
1150 605 1324 670 haereseos
1348 616 1459 670 notam
1483 628 1580 691 propo-

478 700 653 765 sitionibus
681 700 930 787 adjudicabant.
964 741 1007 748 —
1039 703 1171 767 Diserte
1202 713 1311 767 autem
1337 727 1356 767 a
1381 705 1535 780 Pontifice
1559 714 1583 767 et

480 797 715 863 Cardinalibus
747 820 860 862 eorum
885 803 1048 863 sententia
1074 800 1114 864 de
1139 802 1421 886 propositionibus
1445 804 1478 865 in
1503 824 1584 864 sensu

478 898 622 960 auctoris
637 895 834 980 exigebatur
849 896 970 981 illaque
987 897 1146 972 dabatnr3
1171 907 1300 961 tantum
1314 898 1360 962 illi
1374 902 1430 984 qui
1442 901 1464 966 J
1466 903 1584 963 ansenic

479 993 639 1068 favebant
662 993 846 1058 identidem
871 994 1087 1059 declinabant
1110 996 1173 1059 hac
1198 996 1238 1060 de
1263 997 1482 1080 rejudicare.

326 1188 470 1299 333?er
569 1190 622 1253 45.
670 1191 800 1254 Maturo
825 1192 975 1255 instituto
1001 1193 1155 1254 examine
1180 1192 1449 1257 causaJansenii
1475 1215 1512 1256 ea
1535 1215 1587 1278 qua
1623 1195 1624 1200 ’

311 1261 468 1362 baeda.
481 1289 587 1373 major
619 1288 798 1352 desiderari
831 1311 897 1352 non
928 1299 1039 1373 posset
1070 1288 1243 1372 diligentia
1279 1290 1429 1354 discussa
1461 1300 1509 1353 est
1538 1292 1587 1374 (nti

480 1388 528 1450 ait
546 1386 739 1450 Alexander
754 1387 853 1468 VH);
878 1410 918 1450 ac
941 1387 1075 1450 tandem
1093 1387 1307 1452 Innocentius
1323 1389 1357 1452 X
1381 1388 1435 1452 die
1453 1389 1587 1452 31⁰Maii

480 1509 509 1549 a.
528 1485 612 1550 1653
639 1483 915 1549 Constitutionem
940 1486 1045 1549 edidit
1072 1483 1148 1549 Gom
1172 1488 1342 1568 occasione,
1368 1509 1434 1572 qua
1459 1489 1588 1571 quinque

480 1583 552 1646 illas
580 1584 821 1667 propositiones
852 1584 1024 1648 haereseos
1058 1593 1136 1647 nota
1159 1584 1300 1670 aliisque
1324 1585 1473 1650 confixit.
1521 1584 1588 1648 Con·
1619 1644 1620 1652 ,

481 1683 685 1744 stitutionem
710 1680 796 1745 hanc
812 1704 905 1744 suam
922 1681 965 1744 ad
980 1682 1103 1765 Regem
1121 1679 1250 1745 Galliae
1274 1681 1423 1768 aliosque
1438 1685 1590 1767 principes
1618 1666 1620 1700 ³

480 1779 637 1842 Pontifex
661 1779 761 1861 misit,
793 1782 982 1864 pariterque
1010 1779 1052 1842 ad
1077 1781 1249 1864 episcopos
1273 1779 1402 1844 Galliae
1432 1783 1511 1866 ipsis
1533 1803 1589 1864 gra·
1620 1804 1621 1811 ¹

480 1876 614 1958 tulatus,
647 1876 735 1962 quod
767 1899 900 1940 causam
942 1877 982 1940 ad
1010 1878 1237 1962 Apostolicam
1261 1876 1382 1941 Sedem
1417 1878 1588 1943 detulerint

482 1974 637 2038 Facultas
659 1975 854 2038 Parisiensis
870 1975 1001 2040 Bullam
1027 1976 1183 2039 mandato
1207 1977 1297 2058 regio
1322 1978 1351 2039 ei
1376 1980 1588 2041 transmissam

481 2096 519 2137 eo
544 2094 608 2158 quo
634 2095 694 2157 par
717 2083 787 2136 erat
815 2077 1020 2137 reverentiae
1045 2084 1077 2137 et
1100 2073 1309 2137 obedientiae
1341 2096 1440 2138 sensu
1467 2075 1587 2158 accepit,
1623 2143 1624 2146 Ἴ

481 2181 514 2234 et
545 2171 694 2234 decrevit
725 2172 929 2256 expulsionis
962 2194 1103 2258 poenam
1129 2195 1146 2235 e
1170 2194 1228 2235 suo
1264 2171 1379 2235 ordine
1409 2173 1443 2234 in
1469 2171 1588 2236 rebelles

481 2271 507 2332 si
533 2271 590 2354 qui
614 2268 731 2333 forent.
778 2270 936 2354 Episcopi
961 2268 1048 2333 Galli
1084 2270 1199 2333 eodem
1224 2291 1311 2332 anuo
1335 2269 1474 2333 Parisiis
1498 2272 1530 2333 in
1552 2293 1587 2332 co·

482 2368 583 2430 mitiis
608 2370 798 2451 congregati
824 2368 1014 2431 solemniter
1036 2367 1168 2431 Bullam
1193 2377 1400 2452 receperunt,
1426 2378 1460 2431 et
1482 2369 1587 2432 litteras

481 2465 634 2529 Pontifici
665 2465 896 2546 reddiderunt,
933 2466 1054 2551 quibus
1088 2475 1120 2529 et
1151 2467 1333 2549 gratiarum
1366 2467 1454 2530 actio
1479 2477 1511 2530 et
1532 2469 1585 2531 sub-

482 2565 594 2626 missio
627 2562 796 2647 praeclaro
833 2564 930 2627 modo
966 2586 1141 2648 expressae
1172 2573 1274 2628 erant.
1329 2562 1489 2628 Attamen
1523 2567 1587 2630 haec

482 2662 660 2745 praecipue
677 2661 808 2723 influxu
827 2662 1013 2726 Cardinalis
1030 2662 1191 2725 Mazarini
1209 2672 1276 2724 tam
1292 2661 1377 2724 bene
1394 2683 1492 2726 versa
1514 2674 1586 2740 sunt3
1623 2674 1624 2678 ’

482 2758 592 2844 plures
630 2761 718 2822 enim
756 2761 890 2824 fuerunt
926 2763 1012 2824 inter
1049 2763 1239 2845 episcopos,
1287 2766 1345 2847 qui
1393 2771 1586 2856 opinionibus
1622 2763 1624 2781 ⁵

558 3110 578 3180 ¹)
600 3111 639 3164 De
648 3109 816 3163 Pallavicino
832 3109 920 3163 acrius
933 3108 1107 3175 conqueritur
1120 3107 1210 3175 Rapio
1219 3108 1297 3162 Mem.
1312 3113 1331 3161 t.
1343 3108 1380 3166 ΙΙ,
1395 3125 1420 3177 p.
1432 3113 1476 3167 41.
1504 3107 1587 3176 „Palla-

483 3192 556 3246 vicin
581 3190 625 3245 lut
643 3191 676 3245 de
695 3196 756 3244 tous
776 3191 814 3244 les
833 3190 1001 3243 consulteurs
1028 3189 1097 3243 celui
1121 3189 1167 3254 qui
1193 3188 1279 3242 traita
1297 3189 1324 3241 la
1343 3190 1469 3244 doctrine
1493 3191 1523 3244 de
1538 3189 1587 3243 lan·
1619 3185 1620 3248 ἶ

483 3272 573 3327 senius
592 3272 617 3326 le
635 3271 695 3338 plus
715 3271 937 3334 favorablement,
964 3274 1025 3323 tout
1043 3269 1151 3323 Jesuite
1170 3268 1234 3335 qn'il
1252 3268 1330 3332 emit,
1356 3272 1435 3337 apres
1455 3271 1493 3324 les
1511 3274 1587 3336 quatre

483 3354 549 3407 dont
571 3353 600 3421 je
618 3353 696 3406 viens
721 3352 754 3405 de
772 3345 869 3418 parler.
908 3351 943 3404 Ge
961 3349 1069 3404 Jesuite
1092 3349 1154 3414 bien
1173 3349 1228 3402 loin
1248 3347 1367 3416 d’opiner
1392 3350 1461 3404 dans
1480 3351 1517 3403 les
1534 3349 1587 3416 prir-

483 3433 555 3500 cipes
574 3432 606 3486 de
624 3431 734 3495 Molina,
762 3431 816 3485 s'en
835 3435 927 3485 ecarta
946 3447 979 3484 en
998 3435 1072 3496 tout;
1107 3430 1127 3483 il
1146 3429 1220 3483 n’eut
1239 3431 1324 3484 mtme
1343 3445 1435 3483 aucun
1453 3431 1533 3503 egard
1548 3442 1586 3481 aur

483 3513 644 3567 sentimenta
670 3512 818 3566 ordinaires
843 3512 876 3566 de
899 3528 929 3565 sa
953 3511 1119 3578 compagnie.
1158 3509 1256 3563 C'etait
1274 3525 1311 3563 un
1330 3509 1417 3576 esprit
1444 3509 1586 3578 particulis,

482 3592 555 3660 sujet
581 3594 597 3645 a
619 3592 666 3645 des
692 3591 764 3645 idees
783 3590 846 3657 qu’il
865 3607 893 3645 se
912 3591 1019 3658 piquait
1037 3590 1070 3644 de
1089 3590 1147 3644 dire
1166 3596 1194 3643 et
1213 3590 1245 3644 de
1264 3604 1362 3656 penset
1382 3596 1535 3645 autrement
1550 3600 1585 3653 qus
1619 3592 1620 3602 ¹

483 3673 521 3725 les
540 3676 640 3736 autres,
660 3671 706 3739 qui
724 3671 856 3739 n'opinait
874 3687 926 3737 que
945 3687 991 3724 sur
1009 3672 1056 3724 des
1074 3686 1136 3724 sens
1155 3669 1321 3734 alambiquts
1340 3668 1404 3735 qu'il
1423 3671 1533 3725 donnait
1548 3681 1585 3720 aru

482 3752 662 3820 propositione
681 3751 794 3805 n’allant
812 3766 926 3819 presque
942 3751 1040 3818 jamais
1059 3766 1094 3803 au
1105 3750 1162 3814 but,
1182 3754 1299 3816 prenant
1318 3747 1412 3804 l’tcart
1431 3766 1466 3805 en
1485 3757 1546 3814 tout,
1566 3753 1585 3798 et

482 3848 518 3887 ne
543 3832 689 3886 cherchant
714 3832 760 3886 des
784 3849 847 3886 sens
865 3835 971 3886 ecartts
998 3847 1050 3896 que
1068 3846 1135 3898 pour
1152 3844 1252 3883 sauvor
1279 3828 1408 3883 d'heresie
1433 3830 1462 3883 la
1487 3827 1583 3883 doctrine

485 3914 518 3968 de
543 3911 661 3979 leveque
686 3911 794 3979 d’Ipres
819 3912 884 3978 qu’il
909 3910 1063 3976 n’excusait‚
1090 3926 1141 3976 que
1159 3925 1239 3977 parce
1258 3924 1310 3974 que
1328 3907 1368 3963 les
1388 3916 1481 3964 autres
1499 3911 1524 3963 la
1539 3921 1582 3960 cou-

482 3993 648 4056 damnaient,
668 3991 771 4045 faisant
790 3992 921 4045 consister
939 3991 966 4044 la
986 3990 1057 4044 force
1075 3989 1186 4056 d’esprit
1199 3991 1216 4041 a
1229 3988 1382 4042 contrarier
1395 3989 1434 4043 les
1448 3989 1583 4044 sentimenti

484 4073 657 4129 ordinaires.“
697 4072 736 4124 De
754 4071 812 4138 ipso
831 4071 915 4126 etiam
927 4070 1049 4138 Lagault
1068 4071 1250 4136 conqueritur,
1271 4068 1367 4123 Lettre
1380 4069 1474 4122 XXXI
1492 4069 1514 4138 (Ι
1528 4066 1582 4120 Mars

484 4153 579 4225 1635);
604 4169 646 4220 ap.
666 4150 756 4218 Rapin
776 4151 811 4204 11.
837 4167 862 4218 p.
882 4151 925 4207 67.
963 4150 1144 4204 Nihilominus
1167 4147 1524 4215 deputatiJansenistarum
1539 4157 1581 4196 eru

484 4238 517 4286 ut
535 4237 689 4300 suspectum
708 4247 724 4284 a
743 4230 962 4300 Congregatione
981 4229 1113 4284 removeri
1132 4227 1347 4296 postulaverant.
