3336 4908
266 493 307 547 De
325 488 549 576 condemnatione
565 487 684 557 quinque
701 487 923 556 propositionum.
1104 484 1157 541 257

55 637 219 702 Gallicanis
249 658 334 721 quae
364 634 522 698 dicuntur
549 633 620 718 jam
651 631 771 695 imbuti
803 630 1092 716 conquerebantur
1116 630 1156 694 de
1176 631 1320 673 rurenses„

1221 706 1272 735 rum

50 735 165 820 juribus
197 733 355 798 ecclesiae
386 730 579 796 Gallicanae
614 730 721 812 laesis,
758 751 797 792 eo
827 728 917 813 quod
947 729 1158 793 definitivum
1202 757 1295 808 aruns.

49 832 197 916 judicium
222 833 292 894 sine
315 829 415 915 hujus
439 829 599 893 ecclesiae
623 849 786 891 concursu
811 827 925 890 datum
949 836 1043 891 esset.

126 930 177 994 46.
224 929 376 994 Jansenii
401 927 589 990 defensores
612 935 747 1011 totaque
770 923 955 1009 Sancyrani
979 925 1080 988 factio
1106 926 1159 988 In·

52 1028 180 1090 nocentii
205 1026 447 1091 Constitutione
472 1024 563 1088 velut
586 1023 726 1087 fulmine
750 1023 896 1107 percussi
925 1033 1011 1087 sunt.
1058 1023 1158 1086 Initio

51 1126 197 1210 ancipites
227 1125 419 1202 haeserunt,
452 1144 553 1208 quum
578 1121 635 1184 alii
660 1121 752 1184 inid
778 1120 990 1200 inclinarent,
1022 1130 1058 1183 ut
1089 1143 1159 1184 sese

51 1223 277 1301 submitterent,
308 1221 365 1285 alii
396 1243 474 1284 vero
508 1229 544 1283 ut
566 1242 586 1282 a
610 1218 771 1282 Pontifice
795 1228 1014 1303 provocarent
1037 1218 1080 1282 ad
1104 1240 1159 1301 ge·

49 1320 146 1384 nerale
178 1318 376 1387 Concilium.
432 1317 496 1381 Res
532 1316 681 1380 discussa
716 1325 765 1379 est
800 1318 833 1379 in
870 1338 1025 1380 consessu
1060 1338 1160 1402 quem

48 1417 240 1500 trigintaduo
264 1417 475 1481 Jansenistae
499 1414 656 1492 habuere,
681 1424 780 1500 atque
804 1424 884 1479 tunc
908 1413 1075 1478 Antonius
1100 1414 1159 1478 Ar-

49 1514 154 1578 naldus
178 1514 359 1580 vaferrimo
385 1515 496 1577 animo
521 1513 651 1575 tertiam
676 1513 766 1574 viam
791 1511 964 1591 indicavit,
991 1533 1090 1596 quam
1113 1523 1161 1576 ta-

49 1634 113 1675 men
128 1611 285 1676 Oratores
308 1633 422 1675 eorum
447 1631 528 1694 quos
545 1610 669 1673 Romae
694 1608 881 1673 habuerant
904 1609 971 1692 jam
989 1631 1159 1693 praemon·

49 1719 231 1775 straverant.
280 1707 455 1791 Consuluit
487 1709 576 1771 enim
609 1717 646 1770 ut
670 1705 887 1787 declararent,
917 1729 951 1770 se
975 1709 1160 1771 sententiae

48 1807 127 1873 Rom.
165 1808 339 1872 Pontificis
377 1808 587 1892 acquiescere
631 1814 731 1890 atque
770 1815 882 1869 tenere
918 1807 1162 1890 propositiones

48 1916 117 1968 corto
141 1905 279 1990 quodam
301 1925 396 1968 sensu
419 1905 534 1966 merito
560 1903 735 1967 damnatas
758 1903 869 1967 fuisse.
916 1902 984 1968 Sed
1019 1904 1055 1966 1⁰
1087 1903 1162 1967 illas

47 2005 278 2087 propositiones
303 2002 477 2065 damnatas
501 2024 567 2064 non
592 2002 736 2064 inveniri
753 2002 787 2064 in
804 2001 955 2066 Jansenii
971 2000 1157 2085 Anpnstino.

46 2100 77 2160 2⁰
99 2101 196 2180 Quod
222 2103 249 2164 si
274 2102 307 2163 in
333 2122 370 2164 eo
395 2101 637 2178 contineantur,
662 2096 752 2161 haud
769 2108 857 2160 certe
881 2120 918 2162 eo
943 2120 1041 2162 sensu
1058 2101 1160 2162 conti·

46 2199 106 2259 neri
133 2220 199 2283 quo
226 2198 403 2263 damnatae
435 2198 576 2261 fuerant.
623 2196 764 2262 Sensum
789 2196 940 2261 Jansenii
965 2197 1075 2282 quoad
1100 2197 1162 2261 bas

46 2293 203 2360 doctrinas
237 2305 269 2358 et
292 2297 533 2381 propositiones
556 2316 626 2358 esse
659 2316 783 2358 sensnm
805 2295 997 2380 Anpnstini,
1034 2305 1066 2358 et
1096 2296 1162 2359 hoc

46 2413 132 2456 sensu
148 2417 168 2457 a
184 2393 345 2457 Pontifice
368 2392 441 2457 illas
465 2394 706 2478 propositiones
730 2413 797 2456 non
821 2414 891 2456 esse
915 2392 1098 2458 damnatas.
1116 2430 1160 2441 —-

46 2489 136 2553 Hisce
168 2483 403 2555 continebatur
432 2493 576 2575 primum
607 2511 743 2574 germen
768 2489 913 2553 famosae
938 2490 1163 2555 distinctionis

45 2587 303 2653 Jansenistarum
327 2591 413 2651 inter
428 2592 485 2676 jus
510 2598 542 2650 et
557 2588 692 2673 fuctum.
741 2587 789 2650 Eo
815 2590 921 2671 magis
946 2587 1029 2652 haec
1046 2590 1162 2654 Janse-

44 2687 195 2750 nistarum
223 2685 310 2749 mala
334 2709 387 2749 ars
411 2695 482 2748 erat
506 2684 706 2765 damnanda,
732 2685 820 2771 quod
845 2688 880 2749 in
904 2684 1158 2768 Constitutione,

44 2782 154 2848 diserte
190 2783 383 2847 dicebatur:
417 2781 523 2867 „Cum
555 2785 729 2846 occasione
754 2785 980 2868 impressionis
1003 2783 1080 2847 libri
1105 2785 1160 2847 cui

43 2881 148 2945 titulus
163 2881 362 2967 Anpnstinns
386 2879 533 2944 Cornelii
558 2881 712 2945 Jansenii
736 2883 883 2967 episcopi
907 2883 1053 2966 Iprensis
1076 2883 1163 2946 inter

42 2977 118 3042 olias
142 2984 212 3068 ejus
236 2980 401 3064 opiniones
425 2988 495 3041 orta
519 2979 628 3058 fuerit,
663 2980 855 3062 praesertim
880 2980 915 3042 in
940 2977 1059 3061 Gallia,
1085 3001 1159 3042 con·

41 3078 196 3140 troversia
221 3077 472 3161 superquinque
496 3098 535 3138 err
558 3073 665 3155 illis,·“
699 3075 859 3161 adeoque,
884 3076 932 3140 uti
956 3085 988 3139 et
1012 3078 1159 3162 episcopi

41 3172 166 3238 Galliae
197 3173 346 3237 fecerant
376 3174 496 3238 diserte
528 3175 769 3259 propositiones
799 3173 959 3240 Jansenio
995 3173 1162 3239 adscribe-

41 3269 166 3338 bantur.

121 3371 177 3436 47.
226 3369 350 3433 Contra
383 3368 469 3432 hauc
508 3370 610 3451 igitur
645 3369 858 3453 sophisticam
892 3369 1159 3433 Jansenistarum

40 3467 351 3554 interpretationem,
365 3487 394 3530 a.
412 3465 497 3530 1654
511 3466 565 3529 die
578 3467 639 3531 28⁰
651 3467 772 3547 Martii,
787 3468 998 3550 trigintaocto
1012 3467 1158 3552 episcopi

39 3567 227 3651 congregati
244 3565 398 3627 examine
415 3565 563 3628 instituto
580 3562 799 3647 declararunt,
825 3565 1065 3649 propositiones
1083 3563 1163 3628 illos

39 3683 97 3726 esse
121 3663 277 3728 Jansenii
300 3673 331 3724 et
352 3663 387 3725 in
410 3683 503 3725 sensu
520 3664 658 3747 proprio
683 3672 713 3725 et
736 3661 882 3725 nationali
905 3663 1043 3725 unctoria
1074 3662 1159 3725 dum-

38 3772 138 3825 notus.
187 3760 336 3822 Romano
369 3759 523 3822 Pontifici
556 3759 597 3823 de
627 3758 691 3822 bac
715 3780 749 3822 rs
781 3758 976 3840 retulerunt,
1016 3761 1072 3844 qui
1105 3759 1162 3823 die

38 3857 94 3920 29⁰
124 3857 330 3944 Septembris
365 3859 543 3942 rescripsit,
579 3867 711 3940 gratum
735 3865 768 3921 et
790 3858 1056 3941 acceptissimum
1095 3856 1159 3920 sibi

39 3977 104 4019 esse
137 3956 284 4020 studium
316 3963 349 4017 et
377 3954 496 4035 zelum,
529 3977 593 4040 quo
622 3953 849 4040 Apostolicam
881 3952 1159 4019 Constitutionem

39 4055 161 4117 servari
187 4052 310 4138 ubique
326 4050 498 4128 curabant,
523 4074 710 4137 perquam,
735 4054 791 4133 ait,
816 4051 971 4116 damnato
986 4051 1102 4136 fuerat
1124 4054 1162 4117 in

39 4152 170 4236 quinqua
188 4150 464 4236 propositionibus
483 4148 622 4215 Cornelii
642 4146 794 4215 Jansenii
817 4151 964 4215 doctrina
987 4154 1054 4238 ejus
1077 4149 1161 4213 libro

40 4260 200 4328 contenta,
236 4250 289 4312 cui
328 4248 459 4312 titulus:
495 4247 701 4333 Anpnstinns.
756 4247 919 4326 Quamvis
954 4269 1032 4310 vero
1067 4246 1160 4310 bisce

89 4357 231 4408 Jungmann,
243 4357 431 4397 Dissertationes.
446 4357 511 4397 Tom.
526 4356 577 4397 vll.
1017 4350 1053 4407 17
