3034 4894
346 462 385 514 De
405 461 611 528 praeparatione
632 461 743 515 Concilii
762 461 923 514 Tridentini.
1167 461 1199 514 19

86 607 298 684 Contarcnus,
324 604 447 689 aliique
472 606 534 668 viri
559 613 673 688 postea
697 603 851 669 celebres.
901 605 1000 668 Brevi
1026 614 1112 688 post,
1138 603 1198 667 sub

85 703 247 767 Clemente
284 701 365 785 VII,
404 701 529 788 aliquot
568 701 711 767 Ordines
749 701 892 786 religiosi
930 702 1199 766 reformationem

83 803 276 864 severiorem
301 801 524 881 instituerunt,
557 800 613 863 alii
638 822 716 863 vero
742 802 846 864 exorti
872 809 957 881 sunt,
989 802 1046 886 qui
1070 801 1199 885 regulas

82 909 111 962 et
130 901 355 962 institutiones
380 921 456 962 suas
480 898 650 961 Ecclesiae
674 898 771 961 novis
794 899 1049 962 necessitatibus
1074 899 1198 962 confor-

82 1019 163 1061 mare
188 997 397 1060 studuerunt.
444 995 568 1059 Paulus
592 996 776 1060 Justiniani
800 995 1066 1060 reformationem
1091 998 1199 1060 effecit

81 1094 394 1175 Camaldulensium,
426 1095 543 1158 Petrus
568 1092 756 1156 Matthaeus
779 1093 874 1158 Bassi
900 1095 1197 1158 Francisoanorunr

78 1215 203 1256 ramum
241 1194 440 1256 severiorem
478 1179 539 1254 sub
574 1193 707 1254 nomine
740 1192 985 1276 Capueinorum
1032 1192 1198 1258 formavit.

78 1291 281 1354 Clericorum
317 1289 518 1372 regularium
556 1311 614 1352 seu
649 1288 887 1353 Theatinorum
921 1289 1081 1354 Ordinem
1121 1290 1197 1354 dein
1210 1313 1307 1354 ornnes
1317 1314 1368 1353 ren-

77 1389 260 1452 fundarunt
289 1410 312 1450 s.
340 1387 518 1472 Cajetanus
543 1396 575 1449 et
597 1386 713 1450 Petrus
739 1387 885 1468 Caraffa3
924 1411 949 1452 s.
975 1388 1198 1470 Hieronymus
1209 1377 1268 1424 ΕΜ
1282 1377 1344 1414 ¹²⁰'i'

76 1486 256 1550 Aemiliani
281 1483 522 1565 Somasoorum,
556 1494 588 1546 et
611 1482 791 1547 Mediolani
816 1493 881 1548 tres
906 1487 970 1548 viri
994 1487 1040 1570 pii
1066 1486 1197 1562 (Zacca-

75 1587 130 1665 ria,
158 1584 289 1648 Ferrari
314 1593 346 1645 et
370 1583 535 1664 Morigia,)
567 1581 825 1645 Barnabitarum
858 1584 1128 1666 congregationes
1153 1584 1198 1647 in-

76 1684 220 1745 stituere.
268 1681 464 1744 Praesertim
494 1701 572 1742 vero
612 1701 649 1742 eo
689 1690 836 1763 tempore
868 1681 1015 1745 Societas
1049 1682 1141 1761 Jesu,
1179 1705 1199 1745 a

76 1804 98 1844 s.
119 1781 252 1864 Ignatio
278 1778 319 1842 de
344 1777 471 1860 Loyola
496 1777 645 1857 fundata,
677 1777 793 1840 divina
821 1778 1030 1862 providentia
1055 1782 1199 1842 excitata

75 1879 145 1959 fuit,
176 1887 213 1940 ut
236 1869 406 1940 Ecclesiae
431 1875 584 1938 adessent
608 1877 663 1959 qui
689 1885 802 1938 eontra
827 1875 1008 1940 haereticos
1033 1888 1199 1941 certamen

74 1997 149 2039 acre
174 1976 388 2060 susciperent.
436 1973 476 2038 A.
505 1972 591 2036 1534
614 1973 669 2036 hic
685 1973 775 2038 Ordo
800 1997 819 2037 a
844 1997 901 2038 suo
926 1975 1100 2039 fundatore
1125 1998 1198 2039 oon·

74 2075 218 2154 stitutus,
244 2083 275 2135 et
299 2095 327 2137 a.
356 2071 442 2136 1540
466 2095 486 2134 a
509 2070 612 2134 Paulo
636 2071 688 2134 Ill
712 2071 925 2136 confirmatus
948 2072 1020 2139 fuit.
1059 2073 1133 2152 Qua
1158 2073 1198 2138 de

75 2193 109 2234 re
134 2171 353 2234 Ciacconius:
381 2168 500 2252 ,Anno
525 2193 544 2232 a
568 2169 717 2252 Virginis
741 2179 838 2254 partu
864 2170 950 2234 1540
974 2181 1006 2233 et
1029 2165 1198 2255 pontifica-

75 2283 126 2332 tus
152 2268 211 2348 VI,
249 2269 454 2332 Jesuitarum
480 2267 678 2331 Societatem
717 2290 737 2330 a
776 2269 847 2330 viro
882 2278 994 2332 sancto
1030 2279 1062 2332 et
1094 2269 1198 2333 nobili

75 2367 208 2450 ignatio
233 2365 274 2429 de
299 2363 426 2448 Loyola
450 2365 601 2449 Hispano
626 2367 661 2427 in
686 2365 867 2429 Cantabria
890 2377 967 2430 nato
1001 2369 1197 2434 institutam.

75 2464 199 2527 Paulus
222 2463 274 2527 ΙΙΙ
309 2463 571 2527 confirmandam
601 2463 707 2544 duxit,
742 2464 830 2548 quod
865 2465 1032 2548 praeclaro
1066 2467 1199 2550 pietatis

75 2560 226 2644 exemplo
260 2569 292 2623 et
322 2561 491 2645 religionis
523 2570 700 2644 augmento
725 2561 871 2645 Loyolae
904 2563 1045 2626 asseclas
1069 2566 1102 2626 in
1128 2564 1198 2627 dies

75 2680 265 2722 excrescere
290 2668 323 2721 et
350 2681 369 2721 a
398 2670 465 2722 tam
495 2661 551 2744 pia
579 2660 650 2743 jam
684 2669 754 2723 tum
789 2663 988 2744 optimorum
1025 2661 1197 2724 hominum

75 2759 230 2820 societate
254 2756 380 2840 majora
404 2779 533 2842 semper
557 2756 757 2821 christianae
773 2758 976 2844 reipublicae
993 2762 1198 2822 incrementa

77 2855 260 2940 exspectari
290 2876 386 2938 posse
418 2856 682 2939 sapientissimus
714 2856 868 2919 Pontifex
909 2857 1197 2920 animadverteret.

79 2953 162 3016 Hinc
189 2954 278 3015 enim
303 2962 462 3037 tanquam
487 2975 529 3015 ox
560 2974 643 3038 equo
669 2957 719 3036 (ut
742 2953 846 3037 ajunt)
871 2955 1014 3039 Trojano
1039 2955 1137 3038 rigidi
1167 2965 1199 3018 et

77 3052 193 3115 invicti
219 3051 351 3113 virtutis
376 3050 539 3132 satellites,
566 3053 773 3134 ignorantiae
787 3061 818 3114 et
833 3055 1013 3137 impietatis
1030 3076 1198 3138 expugna-

74 3159 157 3213 tores
182 3150 347 3229 acerrimi,
379 3148 443 3211 Dei
468 3149 570 3213 verbo
595 3149 747 3227 illustres,
782 3150 998 3214 concionibus
1023 3151 1198 3214 vehemen-

73 3257 128 3328 tes,
156 3245 430 3311 meditationibus
454 3245 621 3326 sublimes,
654 3249 751 3332 praxi
775 3248 917 3330 solertes,
950 3249 1100 3312 doctrina
1124 3270 1197 3312 eon·

74 3347 181 3429 spicui
213 3354 244 3407 et
276 3346 365 3407 vitae
397 3344 548 3429 exemplo
580 3343 766 3408 laudabiles
796 3346 999 3431 prodierunt.
1049 3346 1197 3426 Quorum

74 3441 309 3528 propagandae
334 3441 533 3505 christianae
558 3442 635 3506 fidei
660 3443 759 3506 ardor
783 3445 829 3507 ita
853 3467 887 3508 se
903 3445 1045 3528 propitio
1062 3445 1197 3507 numine

74 3538 218 3623 protulit,
245 3549 280 3601 ut
303 3547 406 3602 totam
422 3539 590 3625 Europam
616 3539 709 3604 brevi
732 3550 890 3626 tempore,
916 3563 1043 3605 summo
1068 3551 1197 3606 nostrae

73 3637 244 3720 religionis
279 3637 410 3700 cumulo
444 3647 658 3723 pervagatus,
697 3660 801 3702 novas
837 3641 936 3703 etiam
969 3641 1073 3722 ignoti
1109 3638 1197 3704 orbis

72 3737 235 3819 regiones,
259 3733 543 3820 frequentissimas
566 3727 675 3817 urbes,
700 3735 828 3800 nobiles
853 3739 1052 3821 provincias,
1078 3746 1110 3799 et
1135 3737 1196 3800 dis-

68 3832 282 3915 junctissime
306 3831 522 3896 barbararum
554 3834 703 3916 gentium
736 3855 838 3917 regna
870 3856 1017 3898 errorum
1052 3833 1197 3897 tenebris

74 3930 260 4010 obscurata,
301 3929 525 4014 Evangelicae
557 3930 640 3993 lucis
673 3932 812 3995 veritate
847 3932 1122 4017 perfude1·int.“¹)
1154 3971 1197 3978 —

74 4027 286 4090 Recentiores
310 4027 357 4091 illi
371 4026 513 4092 Ordines
538 4027 572 4092 id
591 4030 769 4114 praecipue
784 4029 1011 4107 intendebant,
1036 4039 1071 4092 ut
1093 4032 1196 4094 vitam

149 4241 168 4309 ¹)
189 4239 313 4294 Oiaooon.
331 4239 398 4293 Vita
417 4239 495 4293 Pauli
514 4241 565 4293 III.
