3034 4894
317 473 352 528 64
609 473 767 528 XXXVIII.
787 474 827 528 De
847 474 966 528 Concilio
984 475 1154 532 Tridentino.

317 617 544 704 habeantur.¹)
581 617 636 680 Ex
659 617 711 680 his
735 617 834 702 plane
850 619 988 681 evidens
1005 629 1064 701 est,
1089 621 1283 703 petitionem
1300 621 1434 684 Concilii

316 717 480 801 generalis
504 725 662 800 exparte
687 716 945 780 Protestantium
969 715 1023 780 vel
1048 740 1173 780 vanum
1197 717 1300 780 fuisse
1325 717 1434 780 clamo-

316 835 396 898 rem,
422 813 475 876 vel
500 813 707 878 conditiones
728 835 783 876 eos
797 815 1002 898 apposuisse,
1027 837 1112 900 quae
1129 814 1355 879 characterem
1371 817 1435 878 veri
1458 889 1459 907 Χ

317 913 523 976 oecumenici
544 909 685 975 Consilii
710 914 844 975 omnino
869 913 1142 997 pessumdabant.
1189 913 1434 976 Haereticorum

316 1032 394 1074 vero
427 1011 518 1073 fraus
552 1019 583 1072 et
615 1011 799 1093 pertinacia
832 1011 910 1073 inde
944 1010 986 1073 ab
1020 1012 1115 1073 initio
1140 1033 1160 1073 a
1184 1012 1265 1073 viris
1300 1010 1433 1073 cordatis

311 1109 384 1194 jam
407 1107 705 1193 perspiciebantur.

165 1221 291 1294 Catholico-
408 1207 435 1271 7.
483 1205 538 1269 Ad
571 1205 759 1269 Catholicos
805 1207 894 1292 quod
931 1217 1060 1292 spectat
1098 1210 1222 1292 pariter
1255 1204 1431 1270 Concilium

147 1286 304 1386 rumffidjfflde'
315 1303 545 1389 generaleipsi
558 1304 780 1389 postulabant,
802 1304 925 1391 „aliqui
939 1305 980 1368 ob
995 1305 1160 1369 detectam
1177 1305 1429 1369 adversariorum

315 1411 436 1485 artem3
468 1402 571 1487 aliqui
600 1411 773 1486 propterea
806 1403 894 1488 quod
919 1403 1061 1466 admotis
1085 1404 1158 1488 jam
1182 1404 1305 1466 frustra
1328 1401 1428 1464 lethali

315 1499 516 1563 Germaniae
541 1499 655 1563 morbo
680 1499 754 1563 aliis
767 1500 1057 1583 medicaminibus,
1083 1523 1206 1585 anceps
1218 1501 1330 1584 potius
1343 1520 1428 1584 quam

316 1597 443 1662 nullum
472 1597 656 1680 malebant3
693 1599 831 1684 quidam
865 1599 1009 1685 denique
1045 1609 1081 1662 ut
1112 1601 1203 1662 omni
1227 1600 1427 1662 excusatione

315 1690 522 1759 refractarios
558 1705 777 1776 exarmarent,
816 1699 973 1782 omnique
1012 1697 1078 1760 fide
1111 1697 1201 1782 apud
1230 1715 1428 1758 communen

315 1795 463 1857 omnium
488 1796 678 1878 opinionem
704 1797 894 1858 exuerent.“
932 1793 987 1857 Sic
1013 1794 1053 1857 de
1069 1793 1426 1858 menteCatholicorun

315 1915 344 1956 a.
373 1891 457 1955 1530
486 1894 521 1955 in
554 1891 705 1956 Comitiis
737 1893 943 1974 Augustanis
974 1891 1243 1972 Pallavisinus.2)
1290 1891 1431 1954 Decursn

313 1991 471 2074 temporis
495 1989 590 2052 multi
615 1991 681 2052 viri
705 1989 871 2072 catholici,
901 1993 1055 2075 quamvis
1079 2012 1153 2075 spes
1177 2011 1245 2052 non
1269 1987 1433 2072 affulgeret

315 2087 497 2150 haereticos
528 2110 587 2172 per
610 2087 797 2153 Concilium
830 2087 873 2150 ad
897 2087 1082 2150 Ecclesiam
1107 2087 1221 2150 reduci
1246 2108 1352 2170 posse,
1382 2084 1433 2167 Sy-

314 2186 438 2250 nodum
464 2185 628 2271 ejusmodi
660 2206 818 2248 censuere
843 2186 906 2269 ipsi
931 2184 1102 2248 Ecclesiae
1126 2184 1337 2247 utilissimam
1361 2183 1432 2259 fore,

314 2293 412 2369 atque
457 2285 556 2346 etiam
596 2283 737 2346 Romani
776 2283 955 2346 Pontifices
1002 2305 1079 2346 mox
1126 2304 1199 2345 eam
1246 2301 1434 2365 promovere

314 2383 522 2446 studuerunt.
1223 2393 1238 2408 ⁹

405 2481 433 2543 8.
471 2479 516 2544 Ut
541 2479 581 2542 de
606 2477 732 2543 ratione
757 2479 879 2562 agendi
904 2480 971 2545 RR.
998 2479 1200 2542 Pontificum
1225 2476 1336 2562 quoad
1360 2475 1434 2539 cele-

313 2579 498 2642 brationem
533 2575 674 2641 Concilii
700 2579 773 2663 jam
805 2578 1006 2641 disseramus
1015 2628 1024 2660 ,
1060 2575 1267 2641 advertenda
1300 2576 1435 2637 veniunt

315 2687 498 2762 opportune
533 2698 571 2738 ea
604 2698 688 2761 quae
722 2677 837 2740 scribit
866 2675 1094 2739 Pallavicinus
1125 2677 1159 2737 in
1190 2673 1366 2757 Apparatu
1396 2671 1434 2734 ad

314 2774 485 2838 historiam
511 2772 611 2839 Cone.
636 2774 728 2840 Trid.
755 2797 781 2836 o.
807 2775 850 2837 X.
900 2774 1045 2856 „Verum
1079 2772 1233 2858 equidem
1268 2780 1359 2856 pute,
1392 2771 1435 2832 in-

314 2874 395 2958 quit,
434 2871 616 2934 Romanam
641 2871 750 2934 aulam
775 2873 923 2934 timuisse
954 2871 1018 2934 sibi
1043 2881 1075 2933 et
1098 2873 1196 2934 etiam
1233 2868 1435 2953 aliquamdiu

314 2969 524 3032 abhorruisse
548 2992 567 3030 a
592 2970 832 3032 convocatione
858 2967 1008 3034 Ooncilii.
1058 2967 1108 3031 Ac
1132 2969 1278 3052 primum
1304 2965 1433 3050 quidem

315 3069 342 3130 si
382 3068 515 3130 nomine
551 3065 657 3130 Aulae
694 3066 955 3130 multitudinem·
981 3066 1163 3129 aulicorum
1204 3063 1433 3147 intelligamus,

315 3174 440 3227 certum
473 3173 530 3243 est,
564 3165 633 3227 fore
657 3173 828 3229 uteorum
864 3165 1000 3228 auribus
1033 3185 1162 3247 semper
1185 3161 1362 3225 molestum
1386 3162 1432 3224 cb-

315 3272 437 3346 strepat
450 3284 573 3325 nomen
596 3261 847 3342 emendationis,
872 3261 936 3324 hoc
953 3272 1001 3327 est
1016 3284 1123 3325 novae
1139 3261 1337 3342 severitatis,
1354 3280 1429 3322 nova

315 3360 463 3441 vincula,
498 3363 568 3422 vita
601 3363 711 3423 minus
743 3360 916 3422 commoda
941 3362 1117 3444 minusque
1136 3358 1299 3443 jucunda.
1348 3359 1431 3420 Haec

234 3509 238 3516 .
315 3467 425 3521 autem
450 3459 553 3521 animi
577 3458 708 3520 affectio
732 3459 780 3519 sic
805 3466 923 3520 natura
947 3460 1032 3520 inest
1056 3457 1193 3538 homini,
1219 3464 1255 3518 ut
1279 3477 1356 3518 eum
1371 3455 1433 3540 qui·

239 3619 240 3622 ,
316 3577 457 3640 cumque
489 3564 610 3639 coetus,
643 3558 743 3618 etiam
773 3557 824 3618 sui
857 3556 1075 3639 despicientia
1103 3567 1135 3618 et
1165 3551 1341 3617 sanctitate
1366 3574 1433 3614 con·

315 3655 460 3738 spicuus,
478 3655 676 3736 experiatur.
712 3653 800 3717 Illud
824 3655 924 3716 etiam
949 3663 1043 3717 extra
1068 3652 1207 3716 dubium
1232 3660 1291 3733 cst,
1316 3673 1337 3714 a
1357 3649 1434 3714 Con-

315 3751 391 3815 cilio
416 3753 548 3814 nonnisi
573 3753 810 3814 correctionem
836 3754 1020 3836 exspectari
1044 3752 1200 3836 potuisse.
1225 3749 1343 3834 Neque
1360 3770 1434 3811 sane

315 3853 354 3912 ea
386 3849 454 3913 sola
484 3851 641 3912 correctio
674 3847 930 3933 exspectabatur
959 3849 1001 3912 ab
1036 3848 1163 3928 aulicis,
1197 3848 1251 3910 ita¹
1268 3846 1434 3910 moderata

315 3955 348 4008 et
394 3948 650 4030 circumspecta,
698 3967 783 4032 quae
828 3955 942 4031 postea
980 3948 1106 4011 exstitit
1143 3956 1175 4008 et
1213 3946 1266 4008 cui
1300 3944 1434 4008 Patrum

389 4175 409 4242 1)
429 4175 509 4241 Apud
527 4175 700 4241 Prompsault
717 4175 735 4230 l.
756 4191 776 4228 c.
796 4179 867 4229 sect„
880 4176 931 4229 III.

389 4257 411 4321 ²)
430 4254 460 4310 L.
480 4255 532 4310 Ill.
551 4269 572 4306 c.
593 4256 617 4307 5.
