3034 4894
409 455 449 508 De
467 454 671 537 propagatione·
683 454 913 512 Protestantismi.
1188 458 1223 513 53

102 599 241 663 rioribus
259 598 470 683 Campegius,
496 599 560 661 viri
584 598 764 682 prudentes
789 607 821 661 et
844 598 975 662 fervore
998 600 1100 684 pleni,
1126 601 1224 665 seda
1266 603 1365 678 ⁰⁰m32¹²

102 697 308 782 principibus
332 695 422 759 haud
447 695 531 760 bene
556 718 633 780 erga
663 717 792 760 sacram
816 694 937 760 Sedem
962 699 1117 761 animatis
1140 686 1251 761 nihil'
1281 679 1352 707 vm*

18 848 21 856 .
101 796 166 859 fere
197 796 242 859 ad
273 795 520 879 reprimendam
552 794 714 858 haeresim
743 796 973 880 impetrarunt.
1019 795 1225 860 Postulatum

101 891 160 956 fuit
177 892 367 958 Concilium
393 893 591 972 universale,
618 903 649 956 et
665 915 773 956 novae
798 895 952 957 comitiae
969 894 1114 957 indictae
1139 904 1225 976 sunt,

101 1014 223 1077 eaeque
255 991 361 1077 Spiris
393 1013 422 1055 a.
450 990 535 1054 1526
566 990 710 1055 habitae.
758 992 808 1054 Eo
840 1000 988 1075 tempore
1014 992 1085 1075 jam
1117 992 1227 1077 plures

100 1092 269 1174 principes
281 1098 499 1174 protestantes
515 1088 631 1152 foedus
655 1090 809 1169 inierant,
825 1089 909 1152 duce
927 1089 1082 1174 Philippo
1108 1092 1227 1154 comite

101 1189 256 1267 Hassiae,
290 1189 380 1272 iique
411 1209 445 1250 se
469 1197 696 1272 opposuerunt
727 1209 848 1270 magna
873 1209 949 1250 cum
974 1189 1008 1250 vi
1038 1190 1226 1252 executioni
1287 1207 1289 1214 ·

98 1286 200 1349 edicti
223 1286 484 1348 Wormatiensis
508 1293 540 1347 et
564 1285 755 1364 effecerunt,
781 1286 875 1348 utin
900 1284 955 1348 illo
981 1295 1149 1348 conventu
1174 1286 1227 1350 de·

100 1393 227 1446 cretum
252 1383 414 1463 ederetur,
447 1381 639 1445 habendum
669 1403 739 1444 esse
765 1379 951 1445 Concilium
976 1384 1227 1446 oecumenicum

98 1480 252 1562 liberum,
292 1480 345 1544 vel
385 1479 501 1544 saltem
538 1478 724 1544 Concilium
763 1480 930 1543 nationale
963 1479 1227 1564 Germanorum,

99 1601 246 1663 eousque
271 1600 350 1641 vero
375 1579 483 1641 cuivis
506 1577 668 1662 gubernio
686 1577 796 1662 quoad
814 1577 960 1642 edictum
978 1580 1228 1643 Wormatiense

99 1699 199 1759 agere
222 1675 346 1756 liceret,
379 1678 428 1739 uti
453 1698 564 1739 coram
589 1677 660 1739 Deo
686 1686 718 1738 et
742 1678 946 1760 Imperatore
970 1676 1033 1739 hac
1058 1677 1099 1740 de
1122 1699 1157 1740 re
1181 1700 1228 1740 ra-

100 1777 225 1836 tionem
257 1774 396 1838 reddere
430 1784 548 1861 posset.
596 1774 679 1837 lnde
714 1774 817 1837 multa
851 1774 937 1837 mala
974 1785 1157 1839 evenerunt
1189 1797 1228 1840 ac

99 1871 248 1935 haeresis
272 1871 371 1935 latius
395 1882 577 1957 propagata
601 1871 674 1936 fuit.
722 1872 812 1935 Hinc
836 1895 865 1935 a.
886 1873 970 1936 1529
995 1875 1030 1936 in
1055 1875 1152 1936 novis
1177 1895 1227 1936 co-

100 1971 205 2032 mitiis
238 1968 355 2054 Spirae
385 1969 509 2034 habitis
542 1969 623 2032 illud
658 1968 828 2032 decretum
864 1969 1035 2052 abolitum,
1073 1981 1172 2055 atque
1208 1993 1228 2034 a

100 2068 220 2152 majori
244 2078 339 2152 parte
362 2077 522 2130 statutum
552 2067 624 2147 fuit,
668 2077 724 2149 „ut
747 2067 859 2132 Status
898 2067 945 2131 illi
986 2070 1042 2154 qui
1081 2069 1227 2137 edictum

99 2165 353 2229 Wormatiense
377 2167 565 2228 executioni
591 2165 760 2248 dederant,
786 2187 825 2228 ea
849 2168 883 2228 in
908 2188 944 2229 re
968 2176 1228 2251 perseverarent,

100 2264 215 2328 Status
239 2285 318 2327 vero
343 2265 375 2326 in
397 2264 519 2349 quibus
542 2285 629 2327 nova
647 2263 797 2326 doctrina
814 2263 1003 2327 introducta
1019 2264 1136 2344 suerat,
1156 2264 1227 2347 jam

100 2361 143 2424 ab
159 2360 434 2425 innovationibus
457 2371 618 2448 quantum
635 2371 770 2446 possent
785 2361 998 2443 abstinerent,
1024 2371 1057 2424 et
1072 2363 1229 2446 antiquae

101 2460 273 2543 religionis
298 2469 473 2524 sectatores
498 2458 586 2523 nullo
613 2459 710 2523 modo
735 2462 769 2522 in
787 2460 990 2544 professione
1014 2467 1073 2523 sua'
1090 2469 1122 2523 et
1138 2459 1229 2523 cultu

102 2558 333 2643 impedirent.“
385 2557 508 2621 Contra
532 2557 694 2643 ejusmodi
720 2557 889 2620 decretum
915 2560 1082 2642 principes
1107 2557 1228 2621 Luthe·

101 2658 247 2719 ranismo
288 2655 414 2719 addicti
455 2657 508 2720 die
540 2657 599 2719 19ο
623 2656 748 2741 Aprilis
786 2679 816 2719 a.
848 2657 933 2720 1529
965 2657 1229 2742 protestationem

102 2754 282 2817 ediderunt
318 2754 490 2836 famosam,
530 2753 572 2816 ob
598 2776 698 2838 quam
724 2755 971 2818 Prote-stantiam
1009 2753 1130 2816 nomen
1169 2755 1228 2817 toti

102 2862 213 2915 sectae
247 2853 368 2916 deinde
402 2852 522 2915 datum
553 2861 610 2916 est.
658 2851 843 2935 Praecipue
876 2851 986 2936 quoad
1020 2852 1228 2914 tolerantiam
1340 2852 1344 2860 '

104 2950 273 3033 religionis
288 2949 480 3021 ,catholicae
505 2949 725 3032 declararunt,
761 2973 814 3034 „se
839 2972 904 3012 non
929 2971 1023 3034 posse
1047 2950 1229 3013 concedere

102 3047 247 3111 subditis
260 3049 337 3128 suis,
364 3058 400 3110 ut
415 3050 611 3111 interessent
624 3049 743 3111 missae
769 3047 960 3127 catholicae,
986 3070 1088 3132 quum
1112 3047 1248 3110 eadem.

101 3148 135 3209 in
170 3147 240 3208 suis
273 3147 445 3209 territoriis
478 3145 649 3208 definitive
680 3145 840 3230 abrogata
863 3147 921 3227 sit3
953 3147 980 3207 si
1003 3146 1230 3228 permitterent

102 3245 135 3306 in
161 3245 232 3306 suis
248 3245 421 3307 territoriis
436 3244 724 3308 duas‘missassibi
736 3246 915 3328 oppositas,
941 3243 1019 3306 inde
1037 3244 1229 3306 innumeras

101 3340 176 3404 lites
202 3350 235 3403 et
259 3340 453 3406 rebelliones
477 3352 646 3406 secuturas
666 3341 771 3405 ¹csse.“

194 3536 249 3602 55.
279 3537 483 3602 Α5551530
507 3536 644 3600 Carolus
661 3537 701 3617 V,
727 3536 867 3600 devictis
891 3535 1046 3599 omnibus
1069 3535 1228 3618 hostibus,

102 3657 302 3720 summaque
325 3635 430 3719 gloria
454 3637 594 3719 insignis
619 3636 653 3697 in
679 3633 895 3698 Germaniam
920 3635 1028 3718 rediit,
1054 3657 1093 3698 ac
1117 3653 1252 3698 mense·

102 3734 207 3797 lunio
232 3731 404 3816 Augustae
428 3733 590 3796 solemnes
614 3732 733 3796 habuit
757 3734 907 3796 comitiae
931 3734 1036 3815 regni.
1083 3731 1136 3794 Ibi
1154 3731 1229 3795 Pro·

103 3840 262 3894 testantes
287 3830 481 3915 Imperatori
505 3831 714 3895 tradiderunt
742 3829 975 3914 Confessioaem
998 3830 1228 3916 Augustalium,

105 3927 260 3991 catholici
285 3950 363 3991 vero
388 3928 542 4012 theologi,
579 3929 665 3990 inter
697 3949 779 4012 quos
811 3927 1003 3992 eminebant
1026 3929 1079 3992 Jo.
1104 3927 1230 3990 Eckius

106 4025 213 4090 5115.
241 4023 433 4108 Cochlaeus,
471 4025 727 4111 Confutationem
763 4025 861 4110 hujus
894 4024 1119 4090 Confessionis
1155 4047 1229 4088 con-

107 4123 270 4203 fecerunt,
308 4145 392 4207 quae
425 4125 478 4188 die
509 4125 547 4188 3⁰
579 4125 720 4205 Augusti
754 4124 886 4208 publice
918 4123 1004 4187 lecta
1035 4134 1092 4186 est.
1141 4123 1229 4186 Dein

108 4222 278 4307 colloquiis
314 4224 400 4285 inter
431 4223 576 4285 Eckium
612 4230 644 4283 et
680 4220 970 4286 Melanchthonem
1007 4221 1147 4304 habitis,
1187 4220 1228 4284 de
