3288 4900
475 441 536 495 140'
789 438 954 496 xxxvnu
966 439 1006 493 De
1025 438 1144 494 Concilio
1163 439 1330 494 Tridentino.

473 584 609 671 plicatio
634 606 700 668 qua
715 582 843 667 Corpus
861 581 985 649 Christi
1010 583 1285 665 circumferretur,
1310 593 1344 648 et
1364 585 1586 648 concederetur

474 681 588 745 calicis
609 702 689 743 usus
709 679 802 744 laicis
826 679 1060 745 eucharistiam
1077 682 1327 763 sumentibus.¹)
1348 721 1389 730 -
1405 682 1585 747 Praesulum

473 778 646 844 Gallorum
670 779 797 863 primus
820 778 956 842 tandem
980 778 1023 842 ad
1042 776 1230 843 Concilium
1255 780 1425 865 profectus
1449 791 1499 845 est
1521 782 1587 843 civi-

473 879 550 942 tatis
592 878 771 962 primariae
807 887 934 962 pastor,
978 876 1180 941 Eustachius
1216 877 1364 943 Bellaius
1402 879 1588 944 Parisiensis

472 979 658 1062 episcopus,
688 977 744 1060 qui
775 975 973 1039 Tridentum
1007 976 1161 1060 pervenit
1190 975 1441 1062 decimoquarto
1476 977 1588 1062 Aprilis

472 1099 503 1141 a.
524 1075 617 1140 1562.
654 1075 704 1138 Eo
727 1082 876 1157 tempore
900 1074 1037 1156 agitatio
1063 1073 1245 1138 vehemens
1268 1076 1304 1137 in
1323 1073 1476 1140 Concilio
1503 1078 1588 1139 susci·

473 1184 541 1238 tata
584 1183 653 1236 erat
696 1171 738 1235 ob
777 1172 1006 1256 quaestionem
1050 1169 1299 1235 celeberrimam
1339 1172 1381 1236 dc
1419 1173 1588 1237 residentia

473 1274 722 1359 episcoporum,
757 1291 822 1354 qua
854 1269 895 1332 de
926 1291 960 1333 re
992 1291 1093 1354 quum
1126 1270 1161 1333 in
1191 1268 1332 1334 Concilii
1365 1273 1504 1356 negotia
1535 1293 1587 1334 non

474 1371 674 1435 mediocrem
687 1390 726 1432 ea
736 1368 923 1430 exercuerit
934 1365 1100 1430 influxum
1117 1368 1281 1452 quaedam
1294 1369 1416 1432 referre
1433 1371 1587 1433 convenit.

306 1473 421 1520 amentio
436 1475 464 1513 <10
563 1469 617 1532 94.
663 1454 763 1530 Initio
788 1465 900 1528 Martii
924 1465 967 1529 ad
992 1487 1132 1529 examen
1158 1465 1334 1530 duodecim
1359 1469 1488 1553 capita,
1519 1487 1588 1553 quae

312 1537 448 1576 residentia.

473 1568 621 1632 maxima
645 1573 738 1652 parte
763 1563 975 1648 disciplinam
1000 1572 1033 1626 et
1056 1585 1163 1627 mores
1194 1564 1399 1649 spectabant,
1432 1567 1589 1650 proposita

472 1665 621 1745 fuerant;
659 1683 799 1748 quorum
836 1663 979 1746 primum
1016 1661 1205 1747 hujusmodi
1237 1672 1325 1726 erat:
1365 1665 1587 1750 Perpenderent

471 1764 585 1827 Patres
624 1783 703 1847 quiae
740 1761 825 1822 ratio
865 1771 945 1824 esset
975 1759 1130 1842 babendo,
1170 1782 1228 1845 qao
1253 1762 1358 1824 coacti
1380 1762 1588 1839 Putrdarcbae,

471 1861 727 1946 Arubiepa‘acopo‘,
762 1859 930 1944 Episcopi,
971 1869 1001 1921 et
1038 1860 1093 1943 qui
1126 1861 1385 1943 procurationem
1423 1862 1590 1923 animarum

469 1970 624 2039 emerceat,
655 1959 721 2020 auia
752 1957 786 2018 iu
817 1956 956 2020 ecclesiis
985 1955 1169 2038 residerent,
1203 1980 1259 2020 uec
1289 1957 1364 2020 iude
1392 1956 1589 2032 discederent,

469 2059 536 2122 aiei
564 2079 604 2119 eoo
633 2055 738 2118 caucia
768 2055 920 2131 domestic,
959 2055 1146 2117 necessariis
1177 2064 1206 2116 et
1235 2053 1396 2118 Ecclesiae
1429 2055 1590 2118 catholicae

1635 1875 1639 1968 ,³

1634 1980 1638 2084 l

468 2153 722 2219 conducentibus.
758 2151 870 2232 Quum
896 2153 929 2215 in
955 2173 1132 2235 congressu
1158 2154 1264 2236 primo
1289 2162 1363 2236 post
1378 2153 1523 2234 Pascha,
1547 2153 1590 2216 die
1635 2195 1638 2204 .=

468 2254 610 2339 septimo
636 2249 775 2337 Aprilis,
816 2249 1010 2314 deliberatio
1049 2249 1090 2313 de
1129 2249 1181 2314 his
1220 2250 1387 2335 capitibus
1427 2253 1589 2335 inciperet,

468 2352 655 2417 Guerrerus
684 2349 903 2413 Granatensis
935 2346 1067 2432 praesul
1101 2368 1178 2410 mox
1213 2357 1315 2421 totam
1355 2348 1590 2413 discussionem
1635 2354 1638 2390 ÷

468 2472 507 2513 eo
540 2447 647 2529 flexit,
683 2456 718 2509 ut
749 2455 947 2531 proponeret
979 2447 1221 2530 quaestionem,
1252 2469 1326 2509 uum
1348 2457 1502 2532 pastores
1525 2451 1590 2536 jere
1631 2459 1641 2489 ³

467 2550 578 2612 divino
602 2547 646 2610 ad
659 2543 861 2608 residendum
877 2543 1156 2627 obatrdaperentur,
1181 2567 1220 2606 ac
1237 2543 1456 2608 vehementer
1471 2546 1590 2621 institit,

469 2657 507 2709 ut
529 2645 593 2708 hoc
617 2643 820 2707 definiretur.
868 2641 941 2705 Tali
966 2644 1001 2704 in
1019 2641 1212 2705 defiuitione
1236 2641 1385 2705 medium
1410 2643 1589 2708 efficacissi-

468 2765 561 2806 mum
585 2752 617 2805 et
640 2741 708 2805 fere
732 2742 869 2804 unicum
894 2741 992 2802 situm
1017 2761 1098 2818 esse,
1124 2761 1188 2824 quo
1214 2741 1359 2826 episcopi
1385 2740 1430 2804 ad
1454 2740 1591 2804 residen·
1640 2787 1641 2791 ,

467 2843 549 2906 tiam
574 2841 797 2923 adigerentur.
830 2837 963 2901 Exinde
987 2836 1071 2901 haec
1088 2838 1235 2922 quaestio
1261 2839 1382 2902 mirum
1407 2839 1444 2902 in
1463 2838 1589 2903 modum

467 2941 597 3003 animos
614 2939 752 3001 Petrum
776 2937 964 3020 occupavit,
990 2946 1022 2998 et
1045 2937 1162 3020 ingens
1188 2937 1414 2999 controversia
1439 2937 1527 3001 inter
1542 2957 1589 2998 eos

467 3047 517 3100 est
534 3047 614 3101 orta.
639 3034 707 3100 Alii
732 3035 820 3098 enim
845 3033 933 3096 hanc
958 3033 1186 3097 definitionem
1202 3035 1348 3097 maxime
1373 3034 1587 3120 expetendam

467 3134 669 3214 asserebant,
706 3130 748 3197 ob
782 3153 946 3194 summam
978 3131 1153 3195 utilitatem
1179 3131 1257 3195 inde
1280 3130 1454 3196 Ecclesiae
1485 3153 1588 3217 prove-

468 3234 631 3304 nientem;
658 3230 845 3294 nullatenus
860 3240 982 3311 autem,
1007 3231 1055 3293 uti
1071 3229 1208 3316 quidam
1225 3227 1398 3311 timebant,
1420 3231 1500 3295 inde
1516 3227 1587 3316 quid

467 3339 582 3392 contra
619 3331 849 3393 auctoritatem
888 3340 921 3392 et
953 3329 1220 3414 jurisdictionem
1256 3328 1351 3393 Sedis
1383 3329 1584 3415 Apostolicae

467 3427 590 3491 deduci
621 3450 726 3513 posse.
773 3428 990 3492 Interdictam
1016 3426 1172 3490 videlicet
1203 3448 1273 3490 esse
1296 3449 1316 3489 a
1340 3427 1414 3491 Deo
1448 3427 1587 3491 volunta·

1638 3460 1641 3516 l

468 3527 552 3589 riam
576 3527 806 3611 episcoporum
831 3526 1016 3590 absentiam
1040 3525 1082 3589 ab
1108 3524 1257 3607 ecclesia,
1288 3546 1354 3588 uon
1380 3527 1461 3589 item
1487 3545 1586 3588 neces·
1639 3537 1641 3606 ς

467 3625 604 3705 sariam,
643 3645 701 3686 seu
736 3646 779 3687 ex
817 3623 964 3708 legitimo
996 3623 1233 3709 impedimento
1267 3644 1325 3686 seu
1364 3643 1406 3685 ex
1447 3623 1584 3707 legitimo

471 3722 637 3787 mandato.
686 3721 754 3786 Alii
779 3731 894 3786 contra
919 3720 1209 3786 vehementissime
1233 3719 1462 3805 disputabant,
1494 3718 1585 3783 nulla·

467 3830 565 3884 tenus
588 3820 750 3906 ejusmodi
776 3820 1002 3884 definitionem
1028 3841 1098 3884 esse
1113 3828 1347 3904 opportunam3
1367 3817 1440 3902 jam
1463 3820 1496 3881 in
1515 3815 1585 3881 Coa·

466 3917 543 3981 silio
560 3918 659 3982 Pauli¹
672 3919 723 3982 III
747 3940 931 3982 sermonem
955 3918 1019 3981 hac
1037 3918 1084 3981 de
1100 3940 1135 3981 re
1151 3917 1263 3998 fuisse,
1289 3925 1321 3980 et
1333 3915 1453 3978 Patres
1469 3909 1585 3978 consul·

466 4018 534 4079 tius
552 4015 717 4098 habuisse,
742 4016 785 4080 ab
811 4038 847 4079 eo
868 4015 1051 4100 periculoso
1076 4018 1276 4101 spinosoque
1298 4015 1432 4077 tramite
1454 4010 1583 4098 gradum

467 4161 682 4177 —b—

443 4226 445 4231 ’
544 4237 565 4307 ¹)
585 4237 715 4292 narrare.
735 4236 765 4291 u.
785 4237 845 4293 xv.
866 4237 893 4294 c.
913 4236 987 4293 xuv.
1008 4252 1053 4290 nn.
1073 4236 1171 4290 e-m.

1638 3612 1641 3715 l

1637 4005 1641 4108 l
