3336 4908
315 476 355 530 De
373 470 538 531 Jansenismi
557 468 664 533 origine
683 473 711 522 et
729 482 883 536 progressu.
1108 469 1161 522 245

61 621 264 684 defensionem
290 619 510 702 susciperent,
542 637 581 678 ac
602 623 826 699 praesumptae
849 610 1060 697 subreptionis
1088 633 1162 695 ape·

59 722 145 782 rirent
167 741 281 783 causas
305 739 344 781 ac
368 716 521 780 rationes.
569 711 699 776 Bullam
725 712 825 772 etiam
848 710 918 795 epse
935 713 1011 796 jure
1034 709 1163 771 irritam

59 817 302 881 contendebant:
328 825 398 877 tum
423 815 501 897 quia
518 811 691 874 damnaret
706 808 780 871 libri
795 807 947 871 Jansenii
965 806 1161 888 doctrinam,

58 935 88 977 ea
114 917 200 999 prius
230 935 296 977 non
329 913 478 976 discussa
503 930 563 972 nec
588 929 664 971 cum
689 906 936 989 Augustiniana
961 915 1161 989 comparata,

56 1023 113 1074 tum
136 1014 212 1098 quia
237 1033 304 1075 uon
328 1011 427 1088 idem,
452 1009 509 1093 qui
533 1007 617 1092 Beji,
643 1015 728 1069 esset
752 1025 867 1067 sensus
891 1005 925 1066 in
950 1002 1067 1065 iisdem
1091 1025 1162 1087 pro·

55 1111 229 1194 pugnandis
253 1108 410 1188 articulis,
442 1109 529 1170 inter
552 1126 643 1190 quos,
677 1103 843 1180 dicebant,
878 1099 1026 1164 nonnulli
1055 1099 1162 1185 aliquo
1246 1150 1250 1158 .

50 1220 133 1291 poeto
163 1207 313 1272 mstioert‘
333 1215 472 1292 possunt
493 1205 529 1267 in
551 1205 655 1287 ripere
680 1211 709 1264 et
727 1201 864 1286 proprio
887 1197 1049 1262 uerborum
1071 1220 1165 1262 seusu

54 1305 85 1367 ab
114 1305 321 1370 assertoribus
351 1306 481 1368 intento.
538 1299 604 1365 Sed
638 1299 761 1364 auditis
800 1307 833 1360 et
870 1295 969 1379 longo
1009 1298 1163 1359 examine

53 1403 196 1468 discussis
221 1400 475 1486 exceptionibus
499 1410 531 1463 et
555 1397 707 1484 querelis,
733 1394 891 1460 Urbanus
908 1393 998 1456 VIII
1021 1415 1050 1458 a.
1077 1393 1163 1457 1644

52 1500 97 1562 die
119 1501 177 1564 26⁰
201 1500 283 1565 Julii
309 1499 440 1582 copiam
464 1496 692 1560 authenticam
716 1492 832 1557 Bullae
857 1491 922 1554 illis
946 1490 1033 1554 tradi
1053 1491 1163 1576 jussit,

52 1600 96 1660 oui
122 1599 205 1662 fides
233 1596 466 1677 adhiberetur3
496 1605 528 1658 et
558 1591 811 1657 dlfticultatibus
840 1600 872 1653 et
901 1588 1043 1675 querelis
1068 1591 1165 1654 motis

51 1707 235 1780 perpetuum
252 1696 420 1758 silentium
430 1693 562 1756 indixit.
588 1691 661 1754 Non
673 1690 903 1775 potuittamen
911 1686 1164 1751 UrbanusVIII

51 1795 147 1878 quoad
181 1795 268 1857 vixit
298 1791 448 1856 obtinere
482 1813 502 1854 a
532 1789 692 1852 ministris
723 1788 810 1871 regis
842 1784 1007 1865 catholici,
1038 1794 1074 1847 ut
1105 1807 1164 1849 sua

51 1889 163 1955 contra
184 1891 307 1956 librum
340 1889 492 1953 Jansenii
523 1886 721 1950 Constitutio
757 1886 792 1948 in
823 1882 937 1966 Belgio
977 1881 1166 1946 solemniter

50 1989 315 2072 promulgaretur,
340 1986 382 2050 ob
407 1987 553 2050 infinitas
578 1983 705 2048 scilicet
729 1983 939 2047 defensorum
966 1979 1065 2065 hujus
1087 1979 1164 2044 libri

49 2098 125 2151 artes
155 2101 189 2150 et
220 2085 416 2166 molitiones,
450 2084 571 2169 quibus
595 2092 700 2145 totum
723 2079 877 2164 Belgium
909 2077 1166 2142 commovebant

48 2207 81 2248 ac
103 2183 354 2270 perturbabant.

128 2317 182 2381 32.
231 2317 361 2379 Mortuo
387 2313 523 2378 Urbano
548 2313 636 2376 VIII
661 2313 735 2398 (29⁰
759 2312 841 2378 Julii
868 2315 979 2398 1644),
1005 2314 1165 2376 Innocen-
1196 2333 1308 2372 mussan·

47 2415 104 2477 tius
120 2415 153 2478 X
179 2414 251 2500 ejus
275 2433 446 2478 successor
469 2412 544 2497 (14⁰
559 2409 775 2495 Septembris)
801 2414 1031 2476 executionem
1049 2394 1335 2496 Bullaellgssnfnffif‘
1466 2417 1468 2422 “

47 2509 307 2576 Praedecessoris
353 2532 470 2594 urgere
507 2503 615 2594 coepit
640 2508 729 2593 apud
756 2507 1021 2575 Gubernatorem
1057 2507 1164 2592 Belgii
1228 2530 1281 2560 nem

48 2605 268 2673 Marchionem
305 2606 598 2688 CastriBodrici,
637 2606 738 2670 Brevi
777 2606 821 2670 ad
858 2609 968 2692 ipsum
1002 2608 1077 2671 dato
1112 2606 1166 2669 die

46 2705 214 2772 romanii
245 2729 273 2772 a.
301 2705 404 2787 16453
439 2713 537 2790 atque
561 2706 596 2768 in
621 2704 775 2768 eumdem
806 2729 939 2770 sensum
969 2706 1101 2790 scripsit
1123 2704 1166 2768 ad

46 2805 187 2888 singulos
203 2804 310 2888 Belgii
335 2802 513 2889 praesules.
559 2801 713 2866 Necdum
736 2813 848 2867 tamen
870 2807 956 2868 votis
981 2803 1077 2889 plene
1101 2802 1166 2866 frui

45 2923 246 2982 concessum,
278 2904 341 2965 nisi
373 2922 460 2964 anno
487 2900 583 2981 1648,
615 2922 691 2963 eum
715 2903 802 2984 regis
833 2901 986 2966 catholici
1006 2903 1103 2986 jussu
1127 2922 1166 2963 ac

45 3021 118 3063 cura
144 2998 306 3084 Leopoldi
332 2997 532 3062 Archiduois
557 2996 756 3061 Constitutio
781 2998 910 3063 Urbani
942 2999 1110 3084 publicato
1134 3007 1167 3061 et

43 3107 214 3182 acceptata
228 3097 302 3178 fuit,
327 3097 482 3181 imposita
506 3097 603 3159 etiam
629 3095 701 3180 lege
726 3098 766 3160 iis
790 3096 954 3178 omnibus,
981 3098 1038 3182 qui
1055 3094 1166 3159 adali-

45 3196 128 3278 quod
154 3193 255 3258 civile
279 3217 336 3258 seu
361 3193 622 3258 ecclesiasticum
647 3216 768 3258 munus
784 3196 970 3280 promoveri
997 3202 1166 3280 cuperent,

44 3303 76 3355 ut
98 3294 235 3378 propria
259 3292 450 3377 syngrapha
475 3303 507 3355 et
524 3292 714 3378 juramento
731 3294 994 3378 acceptationem
1010 3301 1167 3356 testaren-

43 3399 102 3454 tur.
141 3390 259 3475 Aliqui
282 3390 393 3454 adhuc
416 3393 608 3453 restiterunt
632 3412 736 3476 usque
761 3391 803 3455 ad
826 3389 979 3470 a.1651;
1005 3390 1062 3453 sed
1087 3399 1166 3450 tunc

43 3489 213 3573 utriusque
237 3489 409 3572 potestatis
432 3487 622 3572 pontificiae
647 3498 679 3551 et
702 3490 812 3572 regiae
829 3488 995 3551 mandatis
1012 3489 1165 3551 effectum

43 3596 97 3664 est,
124 3598 161 3649 ut
184 3607 298 3649 omnes
323 3608 393 3649 sese
410 3584 651 3648 submitterent.
691 3585 744 3648 Ex
761 3586 823 3648 hoc
840 3595 988 3669 tempore
1003 3587 1036 3648 in
1050 3583 1166 3668 Belgio

42 3682 286 3746 lansenistioae
317 3682 391 3745 lites
414 3682 483 3744 fere
508 3684 633 3766 sopitae
658 3693 750 3758 sunt;
785 3683 842 3746 sed
876 3685 910 3746 iu
934 3681 1045 3747 Gallia
1069 3681 1165 3745 vehe-

43 3793 169 3844 menter
193 3780 429 3845 efferbuerunt.
477 3780 588 3865 Atque
620 3801 657 3843 eo
682 3781 753 3865 jam
787 3779 899 3843 oculos
923 3790 1166 3844 convertamus.

132 3942 183 4006 32.
227 3941 399 4003 Remansit
429 3940 593 4023 Verperius
618 3939 803 4003 Vincennis
827 3941 860 4002 in
887 3939 1036 4003 custodia
1060 3961 1166 4024 usque

43 4036 84 4099 ad
103 4049 240 4103 mortem
254 4037 442 4102 Cardinolis
454 4036 626 4100 Richelieu
644 4038 694 4120 (4⁰
708 4036 869 4102 Decemb.
887 4036 995 4121 1642).
1029 4038 1164 4100 Interim

42 4157 121 4199 vero
145 4159 302 4201 numerus
337 4134 535 4198 asseclarum
572 4135 642 4220 ejus
666 4157 733 4198 non
758 4133 942 4198 diminutus
967 4134 1023 4198 sed
1048 4145 1167 4197 auctus

43 4243 101 4310 est,
134 4244 165 4296 et
196 4233 382 4318 complures
411 4233 474 4295 viri
510 4232 690 4295 solitariam
727 4232 906 4316 quemdam
938 4232 1043 4294 vitam
1075 4230 1166 4314 apud
