3034 4894
392 450 432 504 De
449 451 647 519 propagatione
666 449 896 507 Protestantismi.
1171 451 1205 503 41

97 592 219 658 rebelles
242 594 323 658 facti
347 605 424 658 sunt
447 596 616 680 principes
640 596 674 658 in
699 594 896 675 Ecclesiam,
928 593 1059 657 influxu
1084 595 1144 657 isto
1169 594 1204 656 in

97 693 263 775 perniciem
293 692 489 777 populorum
525 689 621 756 abusi
646 703 732 757 sunt.
780 691 885 777 quue
909 713 946 755 eo
970 691 1101 755 facilius
1133 690 1204 754 fieri
1221 699 1376 772 lutuosaq-

95 798 210 873 poterat
220 790 353 854 saeculo
366 790 459 871 XVI,
485 789 573 876 quod
591 791 693 854 variis
710 792 744 853 in
756 788 958 874 regionibus,
984 791 1031 853 uti
1049 789 1204 870 vidimus,
1224 763 1376 865 ²⁰⁵‘ii¹,⁵‚⁰¹v¹'

95 887 232 952 nounihil
264 890 377 952 attrita
416 900 510 952 erant
541 887 597 952 illa
627 889 763 953 vincula
803 888 1013 952 obedientiae
1050 897 1082 951 et
1116 908 1206 950 reve·

93 986 221 1068 rentiae,
263 985 385 1071 quibus
416 1009 492 1051 cum
518 1009 671 1072 supremo
697 986 825 1072 Capite,
862 987 1010 1051 Romano
1034 985 1206 1066 Pontifice,

92 1083 203 1148 clerum
240 1095 273 1147 et
305 1084 466 1170 populum
501 1085 678 1149 cohaerere
703 1095 841 1169 oportet,
876 1084 1033 1170 quodque
1057 1083 1208 1148 socordia

91 1182 243 1266 quaedam
268 1192 301 1246 et
324 1205 452 1248 morum
476 1183 595 1248 levitas
619 1183 709 1270 apud
734 1183 855 1248 multos
872 1183 1070 1262 obtinuerat,
1095 1203 1206 1268 quam·

90 1281 134 1344 vis
165 1302 206 1344 ex
237 1304 300 1345 usu
332 1292 365 1346 et
394 1283 635 1346 consuetudine
671 1281 841 1366 religionis
876 1290 969 1345 actus
1003 1288 1205 1345 exercerent.

86 1377 168 1442 Hinc
191 1378 286 1443 multi
321 1401 388 1443 uon
420 1381 465 1443 ita
497 1380 757 1465 persentiebam,
796 1379 1093 1464 disruptapnione
1129 1399 1206 1441 cum

84 1474 226 1540 Romano
242 1476 405 1540 Pontifice
430 1488 461 1541 et
486 1477 633 1542 inductis
657 1477 835 1558 erroribus,
855 1478 928 1561 jam
952 1472 1054 1541 totam
1078 1475 1206 1560 religio·

85 1594 155 1636 nem
190 1575 371 1640 immutari.
427 1575 601 1661 Principes
638 1585 670 1640 et
705 1575 951 1661 praedicatores
989 1583 1206 1659 protestantes

84 1693 197 1754 magno
229 1695 306 1738 curn
338 1675 453 1756 vigore
485 1695 600 1737 omnes
623 1674 713 1738 vires
737 1671 966 1752 intendebant,
1005 1682 1041 1734 ut
1069 1672 1206 1756 pseudo·

83 1769 347 1834 reformationem
379 1771 594 1852 inducerent,
633 1771 713 1835 hinc
747 1793 789 1834 ex
820 1769 923 1834 altera
952 1780 1046 1856 parte
1077 1791 1207 1834 summa

84 1869 276 1949 resistentia,
317 1871 509 1955 postpositis
539 1869 694 1934 omnibus
717 1869 817 1954 hujus
850 1870 938 1932 vitae
962 1867 1072 1948 bonis,
1097 1890 1206 1933 neces·

83 1968 163 2030 saria
194 1967 324 2048 fuisset,
364 1979 400 2032 ut
434 1967 550 2051 religio
583 1967 749 2032 catholica
772 1975 1034 2046 conservaretur,
1073 1966 1206 2051 qualem

81 2085 107 2128 e.
128 2086 158 2149 g.
192 2074 308 2149 postea
330 2065 474 2130 Hiberni
505 2087 585 2151 prae
610 2088 644 2129 se
667 2065 823 2131 tulerunt.
870 2064 936 2128 Sed
968 2066 1002 2128 in
1033 2065 1198 2151 plerisque

80 2163 270 2247 regionibus
295 2163 389 2228 multi
414 2165 569 2250 quamvis
593 2165 690 2228 inviti
715 2173 893 2243 cesserunt,
927 2172 985 2226 aut
1008 2164 1117 2228 officio
1141 2185 1199 2228 suo

79 2271 236 2346 exparte
260 2261 375 2326 saltem
406 2261 601 2344 defuerunt,
636 2264 692 2349 qui
723 2284 813 2346 vero,
847 2263 967 2326 minori
1000 2284 1137 2326 numero
1172 2273 1204 2326 et

79 2361 233 2442 potentia,
258 2360 466 2442 resistebant,
491 2362 526 2424 vi
551 2372 608 2426 aut
633 2360 707 2426 dolo
733 2361 879 2446 superati
904 2370 990 2426 sunt.
1030 2361 1141 2447 Atque
1158 2363 1206 2426 sic

80 2455 220 2522 haeresis
245 2479 322 2522 suos
345 2460 528 2545 reportavit
551 2459 747 2545 triumphos.

160 2557 216 2622 43.
268 2555 341 2636 Quo
376 2567 524 2644 tempore
547 2558 716 2622 Lutherus
740 2560 775 2621 in
800 2554 949 2621 Saxonia
981 2577 1104 2619 errores
1129 2578 1206 2620 suos

80 2654 200 2740 incepit
225 2676 445 2741 propugnare,
478 2656 662 2741 Zwinglius
686 2658 721 2720 in
749 2654 902 2718 Helvetia
930 2653 1094 2717 haeresim
1119 2656 1205 2717 exci-

80 2756 167 2818 tavit.
217 2753 283 2817 Hic
309 2755 362 2817 vir
385 2764 484 2818 natus
508 2755 562 2818 die
589 2755 624 2818 1⁰
648 2754 803 2818 lanuarii
828 2775 857 2818 a.
885 2752 982 2832 1484,
1007 2761 1039 2815 et
1062 2775 1092 2816 a.
1119 2751 1204 2815 1506

84 2852 230 2916 sacerdos
261 2852 380 2934 factus,
421 2854 566 2936 primum
603 2851 776 2932 Claronae,
816 2850 895 2914 dein
930 2850 973 2913 ad
1008 2871 1032 2915 s.
1058 2850 1204 2913 Mariam

87 2948 311 3030 Eremitarum,
342 2973 382 3015 ac
415 2951 550 3015 demum
574 2949 693 3034 Tiguri
717 2949 761 3013 ad
786 2947 960 3012 ecclesiam
984 2946 1204 3033 principalem

82 3047 242 3130 parochus
265 3048 339 3112 fuit.
386 3049 582 3113 Tendeutiis
613 3048 882 3112 humanistarum
906 3045 1054 3109 imbutus
1078 3067 1205 3109 eorum·

79 3167 135 3233 que
151 3145 275 3210 studiis
290 3146 439 3231 profanis
455 3149 628 3227 enutritus,
653 3144 880 3210 rationalismo
898 3142 1043 3229 quodam
1060 3143 1204 3208 infectus

77 3255 152 3327 erat,
186 3253 220 3308 et
250 3245 347 3308 novis
379 3245 593 3329 opinionibus
629 3243 855 3329 propagandis
885 3241 1049 3306 studebat.
1097 3239 1204 3305 Simul

77 3362 148 3407 vero
175 3343 282 3405 vitam
307 3342 453 3406 ducebat
476 3342 693 3428 impudicam,
718 3343 766 3406 uti
782 3339 836 3404 vel
861 3343 931 3426 ipse
947 3341 1067 3423 cynica
1084 3339 1205 3403 fatetur

75 3438 293 3526 impudentia.
312 3440 337 3521 1)
391 3440 572 3505 Hominem
604 3442 694 3504 vitae
726 3440 916 3525 impudicae
950 3461 969 3501 a
999 3438 1205 3522 Tiguritanis

153 3691 174 3758 ¹)
202 3688 288 3757 Epist.
316 3688 350 3742 ad
375 3687 459 3742 Henr.
484 3687 604 3756 Utinger
635 3689 659 3746 d.
686 3688 713 3743 d.
741 3687 841 3742 4Dee.
869 3684 946 3739 1518.
983 3684 1112 3752 Zwiuglii
1142 3700 1203 3752 opp.

73 3769 99 3823 Τ.
118 3770 184 3826 VII.
204 3787 230 3838 p.
251 3771 293 3824 55.
333 3769 441 3836 ,Occidi
460 3775 489 3823 et
508 3769 599 3824 factus
618 3785 678 3822 snm
698 3767 794 3822 similis
814 3766 875 3820 cani
894 3765 940 3832 qui
960 3765 993 3819 ad
1012 3765 1145 3819 vomitum
1163 3780 1204 3817 re·

74 3850 129 3909 diit.
151 3892 157 3902 .
179 3893 186 3906 .
206 3890 213 3903 .
232 3850 317 3915 Adde,
337 3849 408 3916 quod
426 3849 507 3917 hujus
526 3849 566 3903 rei
586 3854 682 3902 tantus
701 3864 751 3902 nos
770 3846 862 3901 tenuit
880 3845 973 3913 pudor,
992 3854 1025 3898 ut
1037 3844 1121 3898 etiam
1140 3845 1203 3898 dnm

75 3929 205 3986 Claronae
223 3945 349 3995 essemus,
375 3929 398 3984 si
418 3929 482 3996 quid
501 3929 678 3997 peccabamus
697 3928 726 3982 in
745 3927 815 3981 hanc
833 3935 946 3994 partem,
973 3930 1030 3978 tam
1049 3924 1116 3978 illud
1135 3939 1203 3977 com·

76 4011 248 4067 mittebamus
267 4010 379 4075 occulte,
399 4016 431 4063 ut
450 4010 534 4063 etiam
552 4008 703 4062 familiares
722 4008 770 4061 vix
788 4007 944 4063 rescirent.“
983 4007 1025 4059 Ad
1043 4006 1068 4060 S.
1089 4005 1202 4058 Mariam

77 4089 256 4146 Eremitarnm
274 4090 382 4160 publica
401 4095 461 4144 erat
480 4089 539 4158 ejus
557 4089 674 4153 luxuria,
694 4089 728 4143 de
747 4104 801 4155 qua
813 4087 842 4142 in
855 4087 948 4141 eadem
961 4087 1089 4154 epistola:
1111 4085 1204 4152 „Quod

77 4171 108 4224 ad
131 4181 258 4239 stuprum
282 4171 393 4234 attinet,
422 4184 454 4223 en
481 4168 550 4222 nihil
577 4185 666 4223 moror
694 4167 908 4222 satisfactionem
936 4182 1040 4234 parare.
1078 4166 1203 4220 Patentis

79 4249 155 4316 ajunt
172 4251 258 4305 filiam
276 4255 439 4318 stupratam.
465 4249 592 4303 Patentis
611 4264 669 4303 esse
688 4248 771 4302 filiam
790 4263 844 4302 non
856 4247 970 4312 inficiar,
989 4263 1052 4300 nam
1070 4246 1098 4301 id
1116 4261 1204 4315 genus
