3034 4894
317 436 352 488 62
609 431 766 488 XXXVIII.
786 432 826 485 De
846 431 965 486 Concilio
983 430 1150 516 Tridentino.

318 579 510 641 societatem
535 576 752 640 christianam
777 575 819 639 ab
837 574 891 638 illo
909 577 1044 638 invecta
1061 574 1159 637 altius
1174 574 1290 659 figeret
1302 574 1432 656 radices,

316 677 452 762 plurimi
476 677 652 761 petierunt,
678 684 714 737 ut
728 673 912 738 Concilium
938 673 1092 758 generale
1116 695 1175 758 pro
1200 673 1368 757 religionis
1387 695 1432 736 ne·

297 776 414 859 *gotiis
439 773 671 837 celebraretur.
718 772 859 836 Romani
885 794 963 835 vero
988 771 1167 854 Pontifices
1190 771 1255 834 hae
1278 773 1314 836 in
1336 794 1370 834 re
1393 793 1432 834 so-

185 1962 282 2002 Concllll

157 2027 299 2065 oecumenici

151 2089 301 2128 desiderium.

317 873 390 936 lerti
414 872 593 957 prudentia
613 869 893 955 progrediendum
911 892 990 950 esse,
1017 892 1078 933 nec
1094 879 1217 933 temere
1234 890 1430 954 quocumque

318 969 415 1034 modo
441 970 614 1056 Synodum
646 969 828 1052 cogendam
862 991 931 1032 esse
964 970 1207 1048 existimarunt,
1241 967 1299 1030 sed
1332 970 1375 1030 ita
1402 979 1430 1030 ut

317 1067 396 1131 inde
426 1089 506 1130 vera
537 1088 595 1151 pro
629 1067 785 1130 societate
819 1065 999 1130 christiana
1030 1065 1153 1129 utilitas
1178 1067 1294 1129 merito
1320 1067 1429 1150 sperari

318 1174 436 1250 posset.
483 1164 567 1227 Inde
591 1164 717 1227 factum
741 1174 800 1245 cst,
835 1173 871 1226 ut
895 1187 914 1227 a
938 1163 1050 1227 multis
1074 1173 1106 1226 et
1129 1166 1275 1228 maxime
1299 1187 1319 1226 a
1343 1164 1429 1226 Paulo

318 1262 435 1347 Sarpio
459 1271 667 1345 accusentur,
703 1261 790 1346 quod
814 1260 1048 1326 abhorruerint
1071 1285 1090 1325 a
1116 1260 1264 1326 Concilio
1297 1283 1429 1324 oecume·
1499 1295 1500 1336 1

318 1361 403 1440 nice,
428 1358 577 1444 illudque
592 1362 717 1423 evitare
733 1360 930 1440 studuerint,
956 1359 1061 1423 donec
1078 1361 1214 1424 omnino
1231 1359 1430 1442 adigerentur
1499 1385 1500 1388 ¹

318 1457 361 1521 ad
377 1457 541 1542 ejusmodi
557 1456 731 1541 Synodum
757 1458 1021 1522 convocandum.
1052 1458 1096 1522 Ut
1112 1479 1257 1543 aequum
1276 1457 1429 1542 judicium

319 1554 360 1618 de
376 1555 443 1621 RR.
459 1555 659 1619 Pontificum
677 1557 842 1620 sententia
865 1566 965 1641 atque
985 1556 1026 1619 de
1043 1578 1155 1620 eorum
1171 1557 1301 1618 ratione
1325 1555 1429 1638 agendi

318 1654 452 1735 feratur,
478 1661 701 1739 opportunum
727 1656 790 1717 erit
813 1654 983 1739 aliquanto
1008 1657 1196 1718 accuratius
1221 1654 1262 1718 de
1286 1657 1430 1739 petitione

320 1749 461 1814 Consilii
488 1775 540 1816 ac
578 1751 619 1814 de
656 1753 698 1814 iis
737 1774 822 1836 quae
846 1752 1025 1815 Pontifices
1064 1753 1126 1814 ista
1165 1753 1199 1814 in
1239 1774 1274 1814 re
1308 1763 1429 1836 egerunt

319 1858 472 1913 tractare.

409 1946 439 2013 5.
480 1948 532 2011 De
557 1947 778 2033 postulatione
803 1946 944 2010 Concilii
969 1968 1008 2010 ac
1032 1947 1217 2011 rationibus
1243 1947 1342 2032 hujus
1367 1949 1433 2032 peti-

320 2046 419 2108 tionis
450 2046 558 2132 quoad
596 2055 705 2131 partes
740 2045 889 2108 diversas
921 2046 1044 2129 optime
1076 2045 1192 2108 scribit
1221 2045 1435 2110 Pallavicinus

321 2165 423 2228 agens
448 2144 489 2208 de
507 2143 657 2208 Comitiis
670 2142 876 2226 Augustanis
901 2166 930 2207 a.
950 2142 1034 2206 1530
1059 2143 1197 2208 habitis:
1226 2144 1313 2226 „Ubi
1327 2142 1437 2208 Caesar

322 2241 365 2304 ad
383 2239 526 2305 Comitia
550 2243 712 2327 pervenit,
738 2239 1242 2321 animadverteratcommunia
1268 2241 1438 2305 Germano·

321 2360 395 2401 rum
430 2349 507 2403 vota
542 2340 584 2403 ad
619 2338 760 2403 Consilii
799 2337 1055 2402 celebrationem
1090 2339 1307 2424 propendere.
1354 2338 1438 2402 Istud

321 2437 472 2500 haeretici
496 2437 744 2520 efflagitabant3
776 2435 917 2499 leviores
949 2436 1083 2521 quidem
1108 2439 1360 2522 egentioresque
1383 2458 1438 2500 me-

321 2533 412 2597 lioris
448 2535 600 2599 fortunae
634 2527 692 2620 spe
725 2558 767 2598 ex
796 2557 835 2598 ea
867 2533 993 2619 publici
1026 2537 1172 2618 corporis
1211 2539 1438 2613 commotione,

322 2633 507 2714 sagaciores
532 2655 609 2697 vero
635 2635 901 2717 potentioresque
933 2634 1153 2696 cunctationis
1185 2632 1296 2696 studio
1327 2643 1439 2717 protra-

321 2729 517 2816 hendasque
542 2733 653 2794 minus
678 2730 889 2814 impudenter
911 2732 1160 2810 contumaciae;
1186 2739 1355 2794 caeterum
1379 2751 1439 2814 spe·

321 2836 441 2907 rantes,
467 2827 521 2890 vel
546 2851 579 2892 se
604 2830 742 2892 minime
759 2829 1001 2913 impetraturos}
1027 2827 1080 2891 vel
1105 2837 1192 2890 certe
1216 2829 1439 2912 impetraturos

321 2947 360 2988 ca
383 2925 498 3011 forma,
524 2937 560 2990 ut
584 2936 717 3011 possent
741 2926 868 3011 aliquid
892 2936 1005 3010 postea
1029 2926 1246 3010 praetendere
1271 2925 1315 2988 ad
1334 2925 1439 2989 Conci·

320 3022 402 3086 lium
426 3025 659 3089 recusandum.
708 3023 870 3110 Alioquin
895 3024 929 3086 hi
947 3024 1136 3088 Concilium
1161 3045 1227 3088 non
1252 3024 1359 3087 solum
1384 3044 1438 3086 non

322 3121 511 3205 cupiebant,
545 3123 603 3187 sed
633 3122 869 3198 formidabant,
904 3125 984 3186 certi
1018 3123 1271 3206 proscriptionis
1296 3133 1329 3184 et
1354 3122 1437 3184 veriti

321 3219 467 3282 tribunal
499 3229 610 3284 tautae
642 3223 847 3284 auctoritatis
886 3243 924 3283 ac
962 3219 1099 3284 roboris.
1148 3220 1219 3282 Inro
1254 3242 1330 3283 cum
1367 3231 1435 3282 esset

323 3314 509 3380 Concilium
549 3341 590 3381 ex
629 3318 863 3382 ecclesiasticis
903 3317 1132 3397 conflandum,
1171 3318 1438 3402 pertimescebant

321 3413 409 3494 laici,
435 3438 476 3478 ne
500 3417 542 3480 ab
567 3417 622 3481 illo
640 3417 853 3498 adigerentur
878 3417 920 3479 ad
936 3417 1109 3480 reddenda
1126 3417 1297 3480 Ecclesiae
1322 3416 1439 3480 sublata

321 3510 428 3574 bona:
454 3513 536 3577 adeo
564 3524 602 3576 ut
619 3514 786 3578 Aleander
814 3516 848 3578 in
869 3515 1107 3577 Wormatiensi
1125 3525 1293 3578 conventu
1305 3515 1440 3578 Nuntius

321 3610 526 3693 Pontificius
559 3612 733 3676 haereticis
757 3623 915 3697 perpetuo
942 3610 1128 3675 Concilium
1152 3612 1439 3680 conclamantibus,

322 3707 529 3772 simulaverit
554 3709 663 3789 semel,
690 3733 748 3794 per
764 3710 984 3792 tabellarium,
1015 3712 1071 3795 qui
1086 3711 1190 3773 Roma
1214 3709 1280 3773 alia
1295 3711 1335 3773 de
1352 3730 1440 3772 causa

322 3805 518 3886 advenerat,
557 3809 658 3871 fuisse
697 3809 741 3872 ad
772 3831 806 3872 se
838 3807 984 3871 delatum
1021 3808 1189 3871 decretum
1226 3808 1267 3871 de
1299 3804 1439 3870 Concilio

323 3906 550 3987 convocando,
585 3906 758 3969 confestim
784 3928 863 3969 vcro
897 3908 1009 3969 cuncti
1039 3915 1161 3969 moesto
1194 3904 1324 3968 silentio
1350 3902 1440 3966 conti·

324 4003 483 4065 cuerint.“
493 4005 513 4080 ¹)
560 4003 604 4066 Et
627 4025 661 4066 re
687 4003 822 4088 quidem
847 4025 926 4065 vera
949 4003 1116 4066 Lutherus
1141 4012 1173 4065 et
1194 4002 1313 4086 reliqui
1338 4002 1440 4065 haere·

400 4215 418 4279 ¹)
439 4213 511 4270 Hist.
532 4214 611 4270 Cone.
631 4214 704 4268 Trid.
724 4216 754 4268 L.
774 4216 824 4268 III.
846 4215 873 4268 C.
894 4216 918 4268 5.
939 4231 964 4271 n.
987 4218 1009 4270 1.
