2964 4912
14 1339 16 1406 ³
54 1367 413 1489 Dissertatio
435 1366 925 1515 quadragesima
941 1366 1161 1513 prima.

89 1609 148 1690 De
174 1607 488 1689 Declaratione
514 1607 631 1688 Cleri
657 1607 877 1689 Gallicani
901 1608 957 1708 (a.
985 1607 1121 1704 1682).

523 1823 682 1830 m

132 1974 160 2037 1.
205 1955 295 2055 Quod
317 1971 388 2056 jam
413 1969 543 2034 saeculo
569 1979 685 2056 quarto
717 1971 848 2056 scripsit
871 1994 895 2036 s.
920 1971 1163 2054 Hieronymus:
1187 1967 1321 2070 fflgjffe

52 2068 156 2133 Gallio
178 2071 260 2132 uiris
276 2091 396 2153 semper
410 2069 603 2153 fortissimis
626 2079 655 2131 et
671 2068 934 2154 eloquentissimis
950 2069 1163 2152 claudatis),
1196 2092 1306 2132 encomia.

49 2166 77 2229 id
105 2169 252 2231 maxime
276 2165 447 2230 Ecclesiae
472 2164 664 2230 Gallicanae
688 2164 848 2251 applicari
872 2189 984 2252 posse,
1016 2170 1165 2233 omnium

49 2264 249 2329 saeculorum
285 2262 521 2347 comprobatur
553 2263 700 2329 historia.
746 2265 897 2348 Insignis
921 2287 1000 2330 saue
1032 2265 1166 2330 luerunt

48 2360 137 2447 hujus
160 2361 334 2426 Ecclesiae
368 2370 399 2424 et
424 2362 568 2425 nationis
601 2364 635 2424 in
657 2360 852 2444 religionem
877 2362 1092 2446 catholicam,
1125 2387 1174 2452 ac¹

14 2503 15 2506 ,
47 2462 233 2541 praesertim
266 2461 301 2522 in
330 2457 451 2522 Sedem
476 2459 700 2545 Apostolicsm
734 2461 852 2524 merita
884 2461 961 2524 inde
993 2484 1012 2524 a
1042 2471 1165 2548 tempo-

46 2557 129 2622 ribus
163 2581 188 2624 s.
216 2557 364 2638 Irenaei,
398 2559 443 2620 ita
476 2557 610 2642 quidem
644 2567 681 2621 ut
704 2559 738 2621 in
772 2557 964 2624 defensione
996 2558 1165 2643 religionis

47 2655 253 2739 singulariter
276 2657 452 2736 emineret,
489 2677 528 2718 ac
553 2655 741 2740 frequenter
764 2654 923 2720 Romanis
946 2657 1165 2722 Pontificibus

46 2752 92 2816 vel
121 2752 198 2818 aliis
223 2753 387 2837 episcopis
410 2754 445 2816 in
471 2751 581 2819 Gallia
613 2761 728 2817 contra
751 2764 976 2838 persecutores
1000 2755 1164 2839 refugium

46 2861 121 2914 esset
145 2873 317 2932 securum,
343 2860 375 2913 et
399 2848 512 2914 valida
536 2851 636 2914 ctiam
659 2852 821 2936 protectio
844 2851 1073 2936 auxiliumque
1097 2853 1164 2918 effi-

45 2950 261 3012 cacissimum.
308 2947 399 3010 Hinc
417 2947 494 3033 jure
518 2948 642 3011 lactum
660 2957 730 3029 est,
762 2956 798 3012 ut
821 2947 963 3012 Romani
987 2949 1165 3015 Pontifices

44 3044 213 3110 ecclesiam
238 3043 446 3110 Gallicanam
471 3044 575 3110 veluti
599 3046 855 3131 primogenitam
879 3045 981 3109 filiam
1006 3046 1163 3111 ecclesiae

43 3139 209 3206 Romanae
233 3142 415 3207 honoribus
439 3164 537 3227 saepe
554 3143 707 3207 efferrent
731 3153 763 3208 et
781 3143 947 3208 laudibus.
991 3143 1165 3210 Gallicuuu

43 3240 187 3323 ecclesia,
221 3242 268 3304 ait
292 3240 486 3305 Alexander
509 3240 560 3305 III
591 3242 626 3304 in
651 3263 710 3305 sua
741 3241 879 3327 epistola
903 3242 960 3306 30a
988 3243 1031 3305 ad
1055 3243 1163 3306 Ludo-

42 3337 148 3400 vicum
166 3337 234 3400 VH
258 3338 411 3420 regem²)‚
436 3339 520 3402 iuter
544 3361 648 3402 omues
672 3337 757 3402 alias
781 3339 867 3402 orbis
890 3339 1046 3419 ecclesias,
1072 3364 1163 3426 quoe-

42 3455 161 3520 cumque
187 3436 273 3499 alioe
292 3437 552 3522 provenientibus
576 3435 797 3500 scandalium
822 3435 1026 3502 tribulatione
1049 3448 1163 3502 mutus·

42 3543 112 3612 seut,
136 3556 300 3618 uunquam
324 3557 344 3597 a
368 3534 539 3598 catholicoe
562 3535 674 3597 metris
695 3532 855 3598 Ecclesiae
878 3536 1000 3598 unitate
1023 3538 1161 3618 recessit,

43 3651 202 3714 uunquam
229 3630 268 3693 ul
293 3635 360 3720 ejus
382 3632 573 3720 subjectione
597 3643 626 3695 et
648 3634 825 3695 reuerentia
848 3654 880 3694 se
904 3631 1075 3715 submouit,
1108 3635 1164 3697 secl

42 3733 188 3811 tunquam
220 3728 422 3794 devotissimo
450 3727 522 3812 filiu
549 3729 645 3813 firmo
669 3751 789 3814 semper
822 3740 851 3794 ct
874 3730 1000 3794 stabilis
1031 3732 1065 3794 iu
1097 3736 1164 3820 ejus

42 3820 202 3888 devotioris
223 3829 410 3910 permansit.
451 3827 634 3910 Gregorius
646 3827 698 3891 IX
721 3849 799 3890 vero
825 3827 924 3891 simili
948 3827 1047 3893 laude
1063 3828 1163 3915 hujus

41 3919 196 3984 ccclesiae
230 3925 348 3988 merita
381 3924 536 3989 celebrat.
586 3923 761 3990 Gallicurm
794 3925 940 4006 ecclesio,
980 3925 1096 3990 scribit
1127 3929 1162 3990 in

109 4151 129 4214 ²)
147 4152 217 4210 Adv.
236 4152 432 4222 Vigilantiam.

108 4230 130 4300 s)
151 4233 230 4300 Apud
248 4233 380 4299 Harduin,
400 4233 510 4289 Collect.
530 4234 608 4292 Conc.
629 4233 702 4289 Tum.
722 4234 769 4292 Vl.
789 4235 819 4293 P.
839 4236 875 4292 ΙΙ,
895 4236 952 4290 coll.
975 4236 1058 4292 1191..
