2964 4912
393 479 434 532 De
452 477 601 532 Schismate
618 477 807 546 UltraJectino.
1113 481 1165 537 305

58 645 136 686 ceses
173 623 388 686 constituerat
425 620 602 702 Haarlem,
650 619 887 705 Groninghen,
925 624 1164 709 Leeuwarden,
1181 629 1334 741 Εῶζᾙξζῖξῦ

56 719 278 804 Middelbourg
292 730 324 783 et
338 719 517 785 Deventer.
546 719 674 783 Electio
691 722 919 805 episcoporum
936 721 1165 808 Ultrajectino·
1228 763 1279 792 nus.

55 840 119 880 rum
138 840 252 882 versus
273 816 440 881 saeculum
458 816 693 881 duodecimum
711 826 781 880 erat
800 839 901 902 penes
916 819 1164 905 Imperatorem,

55 915 104 978 sed
132 938 219 980 anno
246 915 331 980 1145
357 913 530 979 Corradus
554 915 604 978 III
629 915 686 1000 jus
709 914 791 978 illud
814 917 982 980 transtulit
1012 918 1054 982 ad
1079 920 1166 1004 capi·

54 1012 114 1075 tula
143 1012 357 1078 ecclesiarum
398 1035 423 1078 s.
457 1013 593 1076 Martini
627 1022 659 1076 et
691 1035 731 1078 ss.
765 1012 948 1078 Salvatoris
981 1013 1166 1100 Ultrajecti.

54 1107 223 1175 Cesserunt
253 1120 363 1176 autem
396 1111 543 1197 capitula
572 1110 655 1174 haec
678 1134 708 1176 a.
734 1109 819 1176 1528
845 1112 902 1196 jus
926 1135 1022 1176 suum
1046 1115 1166 1179 iterum

54 1207 161 1273 Oarolo
186 1209 216 1273 V
250 1218 287 1272 ut
311 1209 388 1272 duci
412 1209 615 1274 Brebantiae
646 1217 679 1272 et
701 1209 814 1272 comiti
839 1209 1055 1293 Hellandiae,
1089 1233 1166 1296 qua·

52 1315 139 1369 tenus
172 1329 207 1371 se
242 1306 449 1391 obligarunt,
483 1315 520 1368 ut
543 1329 620 1370 eum
645 1306 804 1390 eligerent
836 1329 934 1393 quem
959 1309 1029 1394 ipse
1062 1309 1167 1394 desig·

51 1414 153 1486 naret,
187 1405 352 1490 simulque
377 1406 553 1490 episcopus
578 1403 696 1468 001010
730 1406 828 1468 cessit
860 1405 1044 1470 dominium
1069 1429 1166 1472 suum

50 1502 232 1587 temporale.
280 1501 379 1571 Bulla
402 1501 498 1566 Pauli
521 1503 574 1566 IV
598 1524 664 1587 qua
688 1501 907 1586 Ultrajectum
931 1505 965 1568 in
989 1505 1166 1591 archiepis-

52 1609 197 1684 copatum
230 1609 377 1664 erectum
409 1616 474 1682 est,
507 1599 663 1685 Philippo
689 1599 720 1663 ll
753 1601 822 1684 regi
853 1601 1084 1666 conferebatur
1109 1604 1166 1689 jus

10 1697 11 1701 ’
51 1695 241 1780 designandi
264 1697 420 1763 Pontifici
454 1699 626 1783 episcopos
658 1719 730 1782 pro.
746 1697 887 1762 diversis
919 1698 984 1764 illis
1019 1699 1165 1784 sedibus,

51 1805 140 1880 atque
170 1795 441 1882 archiepiscopus
470 1797 597 1881 primus
629 1794 692 1859 fuit
726 1795 880 1880 00019101
903 1798 1069 1884 d'Epmout
1093 1799 1166 1885 jam

51 1893 219 1977 episcopus
238 1892 326 1957 illius
343 1895 513 1958 dioecesis.
553 1893 586 1956 Is
608 1893 725 1958 eodem
740 1916 827 1957 anno
845 1894 930 1959 1559
952 1895 1044 1978 011111,
1069 1899 1167 1983 eique

51 1993 202 2055 successit
225 1991 410 2056 Fridericus
435 1990 581 2055 6011011011.
626 1991 728 2055 Brevi
751 2001 826 2076 post
848 1991 992 2057 haeresis
1016 1995 1167 2078 ingentes

10 2095 11 2100 ’
49 2109 236 2173 progressus
259 2091 294 2153 in
318 2090 461 2154 Batavia
492 2089 588 2170 fecit3
620 2111 742 2172 magna
766 2088 855 2153 illius
878 2093 1023 2156 nationis
1046 2116 1123 2179 pars
1147 2117 1168 2158 a

50 2207 121 2250 vera
153 2185 221 2251 fide
255 2186 392 2268 defecit,
427 2209 556 2251 summa
584 2185 755 2251 obstacula
790 2188 893 2253 cultui
918 2189 1167 2256 Catholicorum

49 2283 146 2368 facta,
181 2294 281 2370 atque
306 2286 515 2370 episcopatus
546 2283 594 2347 illi
626 2286 781 2348 exstincti
805 2296 891 2350 sunt.
938 2288 1089 2354 Mortuus
1119 2298 1170 2354 est

11 2391 12 2394 ’
50 2381 233 2447 Fridericus
264 2382 420 2447 Schenck
450 2381 719 2468 archiepiscopus
748 2383 986 2470 Ultrajectinus
1013 2410 1043 2452 a.
1069 2387 1167 2472 1580,

49 2488 139 2566 atque
171 2504 203 2544 a.
230 2480 315 2544 1583
347 2502 367 2543 0
391 2477 550 2564 Gregorio
574 2479 661 2544 Xlll
691 2479 867 2546 Sueboldus
896 2483 1039 2547 Vosmeer
1069 2486 1167 2550 Vica-

50 2578 109 2641 rius
124 2577 339 2664 Apostolicus
363 2599 422 2663 pro
438 2578 584 2643 Batavia
606 2580 796 2642 nominatus
820 2589 878 2644 est.
923 2581 1000 2666 Ipse
1024 2605 1053 2648 a.
1080 2583 1168 2648 1602

13 2751 14 2756 ¹
48 2673 257 2744 sOlemente
279 2675 364 2740 VIII
397 2689 526 2740 creatus
559 2685 608 2740 est
640 2677 910 2763 archiepiscopus
942 2679 1169 2766 Philippensis

50 2773 68 2844 i,
87 2795 117 2858 p.
143 2776 184 2856 i.3
219 2795 391 2859 nunquam
424 2795 502 2838 vero
530 2774 595 2837 fuit
625 2774 895 2860 archiepiscopus
919 2776 1168 2864 Ultrajectinus.

51 2869 237 2936 llBatavia
260 2870 435 2956 expulsus,
468 2870 625 2936 Coloniae
648 2871 830 2954 residebat,
863 2872 921 2937 ubi
945 2886 1094 2940 mortuus
1118 2886 1169 2940 est

48 2990 72 3032 0.
97 2970 195 3034 1614.
242 2967 472 3034 Successorem
496 2969 614 3034 habuit
637 2971 823 3056 Philcppum
846 2973 1021 3037 1100001011
1043 2975 1170 3058 pariter

47 3064 84 3128 ab
98 3090 127 3132 0.
143 3067 232 3132 1620
247 3067 534 3153 archiepiscopum
546 3068 807 3154 Philippensem.
821 3104 865 3118 *-
880 3068 964 3134 Inde
980 3071 1022 3134 ab
1034 3094 1062 3136 0.
1079 3072 1166 3138 1592

49 3184 199 3248 magnam
232 3174 360 3250 partem
392 3167 427 3229 in
460 3168 615 3231 missione
647 3157 808 3232 Bataviae
841 3167 1030 3232 habuerunt
1062 3192 1168 3234 sacer-

49 3260 134 3326 dotes
169 3261 244 3326 Soc.
273 3262 374 3347 Jesu,
412 3265 468 3349 qui
502 3267 640 3330 summis
673 3287 750 3330 cum
783 3265 939 3351 periculis
970 3265 1166 3350 religionem

49 3360 241 3426 catholicam
274 3360 400 3427 ibidem
433 3365 508 3426 tuiti
533 3373 609 3428 sunt
641 3371 674 3428 et
706 3373 961 3447 conservarunt3
997 3366 1165 3431 interdum

48 3464 152 3522 tamen
177 3460 368 3544 1010110101
392 3469 425 3524 et
440 3461 592 3525 Vicarios
609 3453 819 3547 Apostolicos
838 3462 1051 3528 difficultates
1068 3485 1168 3550 quae·

49 3552 118 3618 dam
142 3555 388 3622 oboriebantur.

130 3653 183 3718 96.
225 3652 379 3740 Capitula
402 3653 575 3742 Ultrajecti
607 3658 783 3721 existentia
807 3658 933 3722 interea
961 3657 1030 3720 fere
1060 3660 1168 3744 perie-

47 3760 130 3835 rant,
166 3750 221 3816 vel
245 3751 436 3817 defecerant
458 3753 501 3817 ad
524 3761 635 3838 partes
662 3753 922 3838 haereticorum,
958 3755 1004 3818 ita
1027 3755 1167 3841 quidem

48 3857 80 3910 ut
101 3872 129 3916 a.
149 3849 236 3914 1633
258 3858 389 3916 tantum
406 3852 526 3936 viginti
550 3853 703 3916 canonici
725 3851 879 3916 catholici
904 3861 1014 3918 essent
1032 3852 1162 3940 reliqui,

49 3967 183 4030 quorum
205 3948 316 4034 plures
340 3950 442 4014 sacris
466 3948 651 4014 Ordinibus
683 3972 749 4014 non
773 3959 866 4014 erant
889 3951 1022 4016 initiati.
1067 3952 1163 4016 Tunc

49 4048 147 4110 erexit
170 4046 340 4111 Revenius
367 4045 538 4134 Collegium
561 4047 773 4128 sacerdotum,
805 4049 862 4133 qui
891 4057 1001 4113 essent
1023 4069 1065 4113 ex
1089 4071 1165 4114 con·

49 4142 115 4207 silio
139 4145 210 4231 ejus
238 4153 270 4209 et
295 4145 457 4230 juvarent
483 4167 558 4209 eum
582 4147 617 4208 in
642 4145 928 4210 administratione
952 4169 1021 4213 sua.
1068 4147 1165 4234 Ejus·

50 4242 133 4306 modi
165 4252 275 4308 autem
308 4243 511 4325 sacerdotes,
547 4246 604 4329 qui
637 4242 810 4330 Ultrajecti
844 4244 897 4308 vel
927 4246 962 4309 in
995 4245 1182 4331 parochiis¹

98 4359 237 4412 Jungmann,
252 4361 441 4400 Dtssertatlones.
456 4361 521 4401 Toni.
538 4361 589 4401 VII.
967 4352 1002 4406 20
