3288 4900
456 484 567 540 Concilii
586 486 711 552 penedos
729 486 855 542 secunda.
1177 489 1230 542 113

129 626 246 711 dempta
260 627 396 713 reliquis
409 629 654 694 interveniendi
671 629 987 715 contradicendique
1005 642 1226 717 potestate.
1249 635 1388 674 0⁰⁰2⁰⁸²⁵2¹⁰

129 724 227 790 Petere
250 727 388 812 proinde
411 747 523 811 regem
547 749 566 790 a
586 728 748 792 Pontifioe
765 740 798 792 et
813 727 1055 810 cardinalibus,
1081 740 1118 793 ut
1133 731 1231 816 aequi
1276 697 1368 800 offis„

129 822 333 905 consulerent,
367 825 457 910 quod
487 827 558 910 ipse
589 836 836 909 contestaretur,
870 849 905 890 se
935 849 1001 890 non
1032 850 1127 913 possa
1157 850 1233 892 suos

129 921 283 1006 episcopos
307 923 349 986 ad
376 921 562 987 Concilium
589 925 716 988 mittere
740 924 984 1005 Tridentinum,
1014 937 1237 1011 quopropter

130 1017 236 1082 bellum
261 1042 323 1084 nec
347 1019 432 1084 liber
455 1043 516 1085 nec
540 1031 630 1085 tutus
654 1032 723 1086 erat
746 1043 915 1106 accessus3
947 1022 1096 1108 adeoque
1122 1023 1238 1088 Conci·

129 1115 196 1180 lium
219 1139 285 1182 non
310 1119 498 1184 universale
522 1119 576 1184 sed
603 1119 770 1204 peculiare
794 1121 952 1202 futurum,
978 1143 1044 1184 non
1069 1122 1177 1187 studio
1194 1133 1239 1186 to-

130 1215 182 1276 tius
204 1215 374 1280 Ecclesiae
397 1217 627 1282 reformandae
652 1228 813 1297 coactum,
839 1218 896 1282 sed
913 1219 1083 1283 voluntate
1107 1220 1240 1305 quibus·

132 1311 192 1375 dam
222 1314 431 1398 principibus
462 1316 683 1400 gratificandi,
720 1326 752 1379 et
786 1317 819 1379 in
852 1327 1018 1401 posterum
1050 1317 1240 1403 hujusmodi

132 1409 241 1493 Synodi
275 1412 417 1476 decretis
441 1412 590 1478 subditos
614 1436 691 1478 suos
720 1435 932 1500 nequaquam
964 1415 1159 1480 obstrictum
1190 1417 1239 1478 iri.

131 1508 236 1594 Regem
263 1512 305 1574 iis
329 1533 466 1574 usurum
500 1533 569 1576 esse
600 1511 785 1596 praesidiis,
820 1513 941 1597 quibus
966 1512 1241 1576 Christianissimi

132 1610 256 1693 majoros
281 1611 333 1674 sui
358 1609 480 1694 aliique
505 1613 555 1674 usi
580 1611 721 1691 fuerant,
746 1633 766 1673 a
784 1612 860 1696 jure
885 1613 1059 1690 concessis,
1094 1623 1125 1674 et
1148 1609 1242 1674 liber·

131 1715 217 1770 tatem
250 1707 421 1772 Ecclesiae
452 1706 646 1772 Gallicanae
685 1708 908 1774 defensurum.
966 1710 1098 1773 Diserte
1131 1719 1242 1772 tamen

131 1826 227 1888 regern
251 1807 409 1892 profiteri,
434 1805 520 1870 nolle
544 1808 653 1891 ipsum
674 1805 886 1890 Apostolicae
911 1807 1007 1872 Sedis
1033 1807 1243 1878 obedientiae

132 1903 384 1988 subjectionique
408 1927 442 1970 se
466 1905 661 1985 subducere,
686 1907 767 1991 quin
792 1918 987 1969 conaturum
1012 1908 1046 1970 id
1071 1928 1178 1990 agere,
1207 1917 1245 1970 ut

131 2002 159 2062 in
187 2001 254 2066 dies
287 2001 420 2086 dignior
443 2002 719 2066 Christianissimi
751 2002 846 2066 titulo
883 2015 1080 2069 censeretur.
1111 2043 1154 2052 -
1185 2005 1245 2067 Re·

132 2101 251 2183 sponsio
276 2123 298 2164 a
321 2100 482 2165 Pontifice
506 2101 549 2164 ad
574 2101 661 2164 hanc
685 2103 958 2166 contestationem
995 2102 1074 2166 data
1110 2112 1171 2180 est,
1211 2104 1245 2165 in

133 2219 187 2280 qua
213 2220 326 2282 regem
357 2201 476 2283 arguit,
511 2199 599 2285 quod
637 2202 671 2262 in
695 2199 833 2263 feudum
858 2199 1041 2281 Ecclesiae,
1080 2200 1245 2280 Parmam,

133 2316 198 2360 suas
220 2298 397 2360 immiserit
421 2299 543 2383 copias.
582 2298 670 2361 Dein
695 2298 736 2361 de
754 2297 905 2362 Concilio
930 2300 1010 2381 agit,
1035 2309 1067 2362 et
1091 2298 1180 2384 quod
1204 2297 1247 2362 ad

134 2392 294 2460 obstacula
325 2395 402 2460 belli
429 2395 609 2481 spectabat,
645 2418 687 2460 ne
711 2405 846 2480 possent
870 2417 907 2460 eo
931 2396 1105 2461 Praesulos
1129 2417 1248 2461 conve-

134 2493 202 2572 nire,
237 2494 404 2578 imprimis
428 2493 699 2579 respondebatur,
738 2493 795 2557 ubi
820 2495 854 2557 id
880 2495 925 2557 ita
949 2494 1042 2575 foret,
1078 2495 1148 2578 regi
1177 2513 1248 2556 esse

134 2591 393 2673 adscribendum,
424 2594 482 2678 qui
513 2592 628 2656 urbem
654 2592 825 2656 Ecclesiae
853 2593 1021 2676 ingressus
1044 2613 1161 2676 paoem
1185 2601 1249 2654 tur·

135 2686 233 2755 habat.
284 2691 418 2754 Deinde
447 2712 510 2776 quo
536 2690 659 2754 nubem
684 2712 815 2754 omnem
841 2692 976 2775 cogitati
1002 2690 1140 2776 periculi
1165 2688 1249 2752 Pon-

136 2787 205 2852 tifex
229 2788 387 2871 difflaret,
421 2788 580 2852 offerebat
604 2791 732 2854 cunctis
756 2789 920 2873 episcopis
953 2788 1108 2874 publicae
1131 2787 1250 2850 securi·

139 2890 200 2952 tatis
215 2887 344 2952 litteras
367 2897 435 2964 tam
459 2910 479 2951 a
503 2908 548 2969 se,
573 2909 673 2973 quam
697 2909 717 2952 a
741 2885 951 2973 quocumque
969 2887 1148 2950 christiano
1163 2885 1250 2970 prin·

142 2987 198 3070 cipe
222 2986 464 3052 concedendas.
512 2986 612 3050 Porro
638 2987 737 3049 nimis
760 2984 855 3050 futile
879 2985 996 3066 videri,
1032 2983 1121 3070 quod
1153 3003 1250 3068 oppo-

140 3084 277 3166 nebatur,
303 3084 346 3150 ob
362 3085 446 3149 dene
470 3094 559 3148 atam
583 3083 797 3169 pertinaciter
821 3083 862 3147 ab
880 3105 947 3146 una
963 3084 1137 3168 provincia
1160 3103 1251 3167 prae-

138 3187 278 3266 sentiam,
312 3205 408 3269 posse
432 3106 583 3265 Earogari
607 3182 795 3245 auctoritati
820 3181 961 3245 Concilii
997 3181 1125 3244 cunctis
1149 3180 1251 3242 natio-

138 3282 226 3348 nibus
250 3282 293 3346 ad
319 3292 513 3346 cunctarum
538 3279 713 3344 utilitatem
739 3280 867 3361 indicti,
901 3281 966 3342 imo
991 3280 1128 3363 expetiti
1153 3288 1252 3362 atqua

139 3382 234 3468 adjuti
259 3379 470 3464 singulariter
493 3379 535 3443 ab
559 3380 663 3464 ipsius
678 3380 765 3462 regis
782 3387 919 3463 parente
935 3399 974 3441 ac
991 3375 1251 3461 praedecessore.

139 3480 266 3567 Absque
296 3480 392 3563 gravi
423 3499 510 3542 noxa
543 3497 753 3562 nequaquam
777 3474 819 3540 ab
844 3497 881 3540 eo
906 3497 1001 3560 posse
1025 3472 1138 3538 Gallos
1161 3467 1252 3559 prae-

139 3579 216 3644 sules
246 3577 398 3658 detineri,
434 3577 491 3662 qui
520 3574 656 3659 reliquis
687 3576 816 3638 cunctis
848 3574 1070 3637 oecumenicis
1095 3570 1253 3635 Consiliis

140 3697 252 3762 magna
276 3697 353 3741 oum
377 3675 572 3740 auctoritate
588 3672 814 3752 interfuerant,
841 3680 873 3735 et
892 3693 967 3736 oum
984 3670 1100 3734 eadem
1117 3668 1254 3733 Triden-

141 3778 204 3839 tino
227 3774 416 3840 interfuturi
440 3781 556 3836 essent.
589 3771 713 3854 Regem
727 3769 848 3834 deinde
868 3767 1071 3848 hortabatur,
1098 3776 1133 3830 ut
1149 3767 1251 3830 animi

141 3895 248 3938 sensus
271 3880 425 3952 mutaret,
449 3891 489 3933 ac
501 3878 665 3954 postremo
678 3869 850 3952 episcopos
863 3865 995 3931 Galliae
1012 3866 1252 3943 commonebat,

142 3980 175 4033 ut
196 3973 301 4035 enixis
325 3967 479 4053 precibus
502 3989 522 4030 a
544 3988 622 4049 rege
646 3967 779 4028 veniam
809 3963 954 4027 adeundi
980 3961 1119 4026 Concilii
1150 3963 1255 4046 impe-

142 4076 222 4132 trare
245 4066 490 4148 contenderent,
515 4063 610 4129 aliter
624 4073 656 4126 at
670 4063 824 4146 dignitati
842 4072 874 4125 et
888 4061 1058 4125 Ecclesiae
1075 4059 1255 4145 plurimum

145 4164 315 4232 defuturos.

195 4310 330 4362 Jungmann,
345 4309 532 4349 Dissertationos.
549 4307 615 4346 Tum.
631 4306 681 4346 VII.
1115 4282 1132 4334 8
