2964 4912
325 499 378 553 304
721 499 780 557 XL.
818 498 859 552 De
876 497 1056 554 Jansenismo.

263 714 268 726 ,
325 644 522 726 acceptavit.
561 641 752 725 Urgebatur
775 641 910 728 quidem
934 640 997 703 hac
1012 641 1239 706 Declarutione
1263 645 1434 706 reverentia

325 750 358 804 et
390 740 565 804 submissio
602 761 679 824 erga
705 738 982 803 Constitutionem
1017 739 1218 826 Usipeaitas,
1253 741 1312 804 sed
1344 740 1433 803 edice-

325 839 424 901 batur
456 860 536 910 eam,
562 859 629 901 non
663 837 786 902 habere
820 837 1045 901 characterem
1079 847 1111 900 et
1145 838 1283 902 effectus
1318 837 1435 922 regulae

325 936 414 1001 fidei.
461 936 534 999 Nec
558 936 695 998 deerant
719 935 883 1021 quaedam
907 943 1044 1016 statuta,
1074 957 1158 1021 quae
1182 935 1354 999 Ecclesiae
1372 937 1434 1019 jura

324 1034 510 1097 laedebant.
550 1033 817 1098 Jansenistarum
840 1043 952 1096 tamen
976 1031 1119 1096 audacia
1141 1033 1251 1096 edicto
1276 1033 1341 1096 hoc
1360 1034 1435 1115 regio

326 1141 505 1216 utcumque
530 1130 675 1194 emollita
699 1139 758 1197 est.

416 1229 468 1294 94.
508 1226 683 1292 Caeterum
707 1228 809 1293 altera
832 1238 926 1313 parte
950 1227 1074 1292 saeculi
1098 1227 1219 1292 decimi
1241 1229 1353 1292 octavi
1377 1250 1436 1291 con-

218 1367 262 1396 ns,
327 1329 506 1391 troversiae
538 1326 783 1391 Jansenisticae
815 1346 935 1409 magna
972 1347 1015 1388 ex
1046 1334 1139 1410 parte
1171 1335 1361 1408 cessarunt3
1394 1323 1436 1388 ab·

326 1437 456 1510 sorptae
480 1426 568 1488 enim
594 1433 670 1488 sunt
704 1423 789 1488 aliae
811 1422 920 1487 luctae
943 1444 1118 1508 progressu
1142 1424 1394 1508 irreligiositatis
1412 1433 1437 1485 et

326 1522 579 1588 incredulitatis.
625 1521 734 1586 Lucta
757 1521 1024 1587 Jansenistarum
1059 1520 1199 1585 multum
1236 1519 1376 1585 contulit
1402 1519 1435 1582 ad

326 1621 415 1684 hunc
439 1642 664 1706 progressum,
689 1625 768 1706 quia
792 1643 851 1706 per
875 1621 1067 1701 scissiones,
1096 1642 1178 1705 quas
1202 1619 1435 1705 descripsimus,

326 1727 358 1780 et
387 1741 447 1802 per
477 1719 643 1783 doctrinas
674 1718 773 1783 falsas
798 1726 1007 1803 contemptus
1036 1717 1208 1802 religionis
1238 1727 1272 1781 et
1302 1715 1436 1782 incredu·

324 1816 400 1880 litas
424 1837 623 1901 magnopere
647 1815 939 1902 promovebantur.
987 1816 1098 1880 Etiam
1119 1817 1316 1899 rigorismus
1338 1817 1371 1879 in
1393 1813 1435 1878 ad·

326 1916 481 1978 missione
497 1913 540 1977 ad
557 1913 772 1978 Sacramenta
788 1915 1012 1999 poenitentiae
1027 1923 1060 1976 et
1075 1914 1308 1996 eucharistiae,
1325 1913 1435 1978 fructus

324 2013 389 2076 fuit
410 2013 614 2077 Jansenismi
639 2013 785 2076 maxime
809 2011 987 2096 lugendus,
1012 2010 1220 2097 multumque
1245 2011 1383 2076 contulit
1403 2008 1435 2073 ad

325 2110 582 2174 indifferentiam
609 2112 644 2172 in
667 2133 702 2173 re
725 2110 878 2195 religiosa
903 2109 1164 2194 propagandam.
1207 2111 1312 2174 Porro
1334 2110 1432 2175 Janse-

325 2209 424 2272 nismi
446 2206 606 2293 reliquiae
630 2230 734 2293 usque
758 2207 800 2272 ad
826 2207 896 2272 dies
919 2216 1047 2271 nostros
1071 2208 1106 2270 in
1130 2205 1241 2271 Gallia
1264 2226 1433 2293 permanse-

324 2315 411 2371 runt.
450 2307 502 2369 Ita
518 2327 546 2370 e.
561 2327 591 2389 g.
611 2308 820 2390 congregatio
838 2304 1002 2391 quaedam
1017 2304 1245 2390 religiosarum
1261 2328 1286 2372 s.
1300 2303 1432 2370 Marthae

324 2405 345 2468 J
348 2405 550 2468 ansenistica
566 2413 636 2466 erat
650 2403 761 2467 adhuc
777 2427 806 2468 a.
824 2403 927 2485 18483
946 2402 987 2466 ob
999 2403 1086 2466 hanc
1103 2425 1238 2467 causam
1253 2402 1366 2489 plures
1379 2401 1431 2465 reli·

323 2504 435 2587 giosae
467 2523 541 2566 eam
566 2503 854 2586 congregationem
887 2501 1106 2587 reliquerant,
1142 2523 1228 2586 quae
1261 2503 1382 2587 partim
1409 2500 1428 2560 iu

324 2599 455 2664 saeculo
487 2610 732 2681 remanserunt,
764 2601 886 2685 partim
911 2621 1033 2663 novam
1058 2601 1350 2684 congregationem
1379 2599 1428 2662 fur·

325 2698 446 2763 darunt
478 2697 539 2760 sub
574 2699 708 2761 nomine
741 2697 897 2762 Sororum
932 2720 957 2764 s.
990 2697 1126 2761 Mariae.
1174 2697 1229 2762 Ad
1262 2697 1324 2762 has
1357 2695 1386 2760 S.
1405 2694 1429 2756 P.

323 2796 404 2860 Pius
418 2796 467 2858 IX
494 2796 547 2859 die
573 2795 632 2859 15⁰
654 2795 799 2879 Augusti
826 2797 910 2860 1841
928 2796 1036 2859 Breve
1060 2794 1162 2877 dedit,
1187 2817 1253 2880 quo
1277 2797 1359 2881 ipsis
1378 2814 1430 2878 gra-

323 2893 457 2976 tulatur,
482 2894 570 2979 quod
586 2893 607 2958 J
609 2896 738 2958 ansenii
762 2894 914 2958 haereses
938 2895 1179 2980 ejuraverint.¹)
1196 2931 1240 2940 -
1257 2893 1325 2958 Sed
1338 2893 1430 2956 factio·

323 3013 400 3054 nem
432 2990 611 3076 quamdam
645 3002 853 3077 compactam
886 2993 1098 3056 Jansenismo
1129 2990 1290 3055 infectam
1322 2990 1431 3055 indea

324 3087 618 3152 saeculo'decimo
648 3098 765 3154 octavo
790 3092 926 3154 ineunte
959 3111 1066 3174 usque
1086 3088 1130 3153 ad
1163 3097 1278 3153 nostra
1302 3099 1430 3172 tempora

324 3187 530 3250 constituunt
553 3187 744 3251 schismatici
770 3187 1016 3278 Ultrajecteasea
1038 3187 1073 3250 in
1097 3186 1257 3269 Batavia3
1286 3186 1429 3270 reliquum

325 3293 382 3366 est,
408 3293 444 3346 ut
468 3283 509 3347 de
533 3284 651 3348 iisdem
676 3308 783 3371 pauca
808 3283 1000 3371 dicamusfl)

414 3381 466 3446 95.
505 3381 667 3447 Erexerat
690 3384 817 3448 Paulus
840 3385 893 3447 IV
916 3407 945 3449 a.
973 3381 1058 3448 1559
1088 3383 1318 3469 episcopatum
1342 3379 1428 3446 Ultra·

319 3479 503 3564 jectensem
528 3482 563 3542 in
585 3481 700 3545 sedem
725 3481 1023 3565 metropolitanam,
1055 3490 1087 3544 et
1111 3481 1338 3566 suffraganeas
1360 3478 1428 3542 dioe-

399 3711 421 3781 ¹)
441 3710 497 3767 Ofr.
515 3710 609 3776 Blanc,
629 3711 647 3765 1.
668 3727 689 3765 c.

397 3788 420 3861 2)
439 3791 510 3844 Vide
536 3791 569 3844 de
587 3791 731 3844 schismate
750 3789 959 3864 UltreJectensi:
987 3790 1077 3844 Storia
1099 3789 1169 3843 delle
1187 3787 1347 3844 rivoluzioni
1372 3783 1426 3838 della

325 3870 422 3925 Chiesa
440 3869 594 3931 d’Utrecht,
615 3871 657 3925 del
677 3871 763 3924 Gonte
780 3870 863 3938 Luigi
881 3871 981 3936 Moesi,
1002 3870 1134 3926 canonico
1154 3870 1226 3924 della
1245 3861 1424 3923 cattedraleii

323 3951 472 4019 Bergamo,
499 3950 576 4004 Libri
604 3951 712 4017 cinque;
742 3950 829 4006 3vol.
861 3950 982 4004 Venezia
1009 3950 1141 4005 1781-
1160 3949 1286 4005 Historia
1311 3943 1425 4001 Ecclesiae

324 4029 523 4098 Ultrejectinae
541 4047 557 4082 a
576 4034 696 4097 tempore
708 4033 832 4083 mutatae
850 4029 992 4098 religionis
1011 4030 1040 4084 in
1053 4029 1192 4084 foederato
1205 4029 1308 4097 Belgio,
1327 4027 1423 4080 Auctore

325 4110 354 4168 0.
374 4111 403 4163 P.
423 4110 536 4177 Hoynck
563 4111 625 4163 Van
646 4110 843 4177 Pependrecht,
873 4110 1001 4164 ecclesiae
1028 4110 1255 4177 metropolitanae
1281 4125 1301 4164 s.
1319 4099 1422 4161 Rumoldi

325 4189 486 4243 Mechliniae
505 4189 646 4246 canonico.
674 4189 835 4243 Mechliniae
855 4191 934 4244 1725.
953 4220 988 4230 -
1006 4189 1069 4244 Van
1087 4191 1173 4256 Alien,
1192 4188 1233 4244 Le
1250 4189 1357 4243 schisma
1371 4184 1422 4238 Jan-

324 4269 426 4324 seniste
445 4270 478 4322 de
496 4269 641 4336 Hellande3
661 4269 765 4323 Etudes
784 4269 943 4338 religieuses
965 4272 998 4325 11Θ
1018 4269 1092 4324 Serie
1109 4270 1164 4338 HI;
1186 4270 1263 4324 1873.
