3034 4894
389 468 429 522 De
447 469 645 537 propagatione
663 468 896 525 Protestantismi.
1173 471 1209 521 43

170 612 223 676 44.
271 612 434 675 Eamd'em
459 612 659 676 Lausannae
698 622 731 675 et
769 613 804 676 in
842 621 910 676 toto
950 612 1069 676 Vaudo
1108 621 1208 697 atque
1240 657 1244 664 ·

84 707 239 772 Genevae
264 707 451 773 Guilelmus
474 709 571 773 Farel
595 722 627 773 et
650 711 765 774 Petrus
782 709 877 774 Viret
901 711 946 774 ita
970 719 1206 794 propagarunt,

84 816 121 870 ut
142 806 300 870 ecclesiae
325 830 344 870 a
369 808 518 870 sectariis
542 808 576 870 vi
602 815 795 892 occupatae,
820 807 937 872 altaria
963 807 1102 892 dejecta,
1128 809 1206 870 ima·

82 906 172 987 gines
197 905 395 983 confractae,
423 906 509 968 ritus
534 903 689 968 catholici
713 904 864 987 abrogati
889 906 965 984 sint,
997 915 1131 990 totaque
1156 929 1207 970 res

82 1001 314 1066 ecclesiastica
330 1003 372 1066 ad
398 1003 533 1067 modum
550 1001 795 1086 Zwinglianum
812 1003 973 1068 ordinata.
1010 1004 1086 1067 Post
1103 1027 1207 1068 annos
1280 1030 1334 1058 vnu

79 1120 203 1182 paucos
228 1102 348 1164 civitas
371 1098 511 1163 Genava
534 1121 642 1164 novae
666 1100 845 1184 religionis,
871 1121 970 1184 quam
995 1101 1207 1165 reformatam

80 1196 207 1278 dicunt,
241 1199 335 1260 sedes
365 1207 398 1262 et
428 1206 579 1261 centrum
609 1199 729 1278 evasit,
762 1220 804 1260 ex
828 1221 893 1283 quo
918 1219 1037 1282 nempe
1061 1199 1228 1263 loannes

80 1293 243 1360 Calvinus
267 1296 314 1360 ibi
340 1299 516 1382 primarius
539 1297 750 1381 praedicator
774 1306 806 1360 et
829 1307 936 1360 rector
960 1296 1118 1360 ecclcsiae
1135 1319 1208 1362 con·

80 1394 219 1457 stitutus
254 1404 312 1458 est.
358 1395 391 1458 Is
424 1418 453 1459 a.
481 1394 566 1458 1509
595 1394 790 1458 Novioduni
815 1395 962 1478 (Noyon)
995 1394 1029 1457 in
1054 1394 1210 1458 Picardia

80 1501 189 1572 natus,
215 1491 334 1556 litteris
358 1491 612 1556 humanioribus
636 1503 669 1556 et
692 1492 922 1578 philosophiae
944 1493 1091 1573 Parisiis,
1110 1493 1210 1576 juris·

79 1589 283 1672 prudentiae
322 1590 496 1654 Aureliani
548 1600 580 1653 et
629 1591 791 1674 Biturigis
842 1590 1015 1674 (Bourges)
1071 1591 1209 1658 studuit.

35 1695 39 1703 '
78 1686 167 1750 Turn
193 1687 251 1751 hic
274 1698 344 1752 tum
369 1689 436 1752 illic
467 1688 638 1773 religiosas
671 1689 835 1752 novitates
859 1687 903 1752 ab
927 1687 1065 1751 occultis
1090 1685 1210 1751 Luthe·

78 1786 170 1848 ranis
197 1794 230 1848 et
252 1785 482 1869 Zwinglianis,
516 1788 573 1871 qui
598 1808 665 1850 non
689 1785 899 1849 obstantibus
923 1786 1154 1870 episcoporum
1179 1794 1211 1848 et

80 1884 170 1964 regis
197 1883 358 1946 adversus
397 1885 554 1947 sectarios
588 1883 763 1947 conatibus
787 1893 820 1946 et
842 1882 1017 1967 vigilantia
1049 1882 1122 1946 illas
1153 1904 1211 1966 per

78 1977 212 2043 Galliae
235 1982 426 2064 provincias
451 1981 724 2063 disseminabant,
750 1980 870 2044 didicit
891 2003 931 2044 ao
955 1981 1109 2064 suscepit.
1157 1980 1210 2042 Ex

77 2076 143 2140 hoo
168 2087 317 2162 tempore
340 2080 440 2144 rebus
456 2078 651 2163 theologicis
666 2079 850 2143 secundum
868 2078 1019 2159 Lutheri,
1044 2077 1209 2141 Melanch·

79 2175 205 2252 thosis,
245 2176 417 2261 ,Zwinglih
465 2175 718 2261 Oecolampadii
757 2176 925 2260 principia
963 2178 1211 2261 sententiasque

78 2295 218 2357 operam
233 2273 346 2338 dedit.
377 2275 477 2338 Anno
501 2274 597 2356 1534,
623 2297 726 2359 quum
742 2273 975 2339 Francisousl
999 2271 1128 2337 Galliae
1152 2297 1211 2337 rex

78 2372 235 2434 severius
259 2373 294 2434 in
318 2375 475 2438 sectarios
500 2373 793 2454 animadverteret,
818 2372 980 2437 Calvinus
997 2369 1141 2435 Galliam
1164 2395 1210 2436 re-

78 2467 183 2554 liquit
207 2470 427 2534 aoBasileam
454 2471 613 2554 confugit,
638 2471 696 2535 ubi
721 2494 750 2536 a.
769 2471 854 2534 1536
871 2468 1015 2534 absolvit
1040 2469 1211 2555 ediditque

79 2568 322 2632 inmitationem
345 2570 512 2655 roligionis
535 2571 728 2633 christianos
753 2568 851 2632 libros
876 2579 1011 2654 quatuor
1026 2589 1043 2630 e
1059 2567 1209 2647 Lutheri,
1323 2649 1332 2658 ,

80 2664 247 2749 Zwinglii,
273 2666 539 2731 Melanchthonis
563 2678 596 2730 et
617 2667 868 2752 Oecolampadii
893 2666 1025 2750 scriptis
1051 2669 1210 2748 majorem

81 2773 208 2846 partem
235 2763 458 2851 depromptos.
505 2765 605 2828 Anno
633 2766 715 2830 1541
748 2766 860 2829 sedem
885 2785 979 2828 suam
1006 2761 1210 2827 1111111111-

84 2880 150 2940 vae,
187 2861 247 2924 ubi
271 2870 398 2926 tantam
422 2863 564 2948 adeptus
589 2872 637 2926 est
661 2864 904 2943 auctoritatem,
935 2870 972 2924 ut
1002 2883 1109 2924 novae
1138 2861 1210 2924 reli·

84 2959 189 3038 gionis
214 2969 316 3044 caput
339 2970 372 3024 ct
395 2960 465 3024 dux
490 2959 678 3041 haberetur,
703 2959 859 3045 legesque
884 2961 984 3023 etiam
1001 2960 1036 3022 in
1054 2958 1211 3022 civilibus

83 3055 233 3120 dictaret.
281 3057 375 3122 Obiit
399 3057 558 3122 Geuevae
583 3081 611 3122 a.
632 3059 736 3138 15643
762 3057 941 3122 confictum
966 3066 1079 3120 autern
1104 3056 1147 3120 ab
1171 3078 1209 3120 eo

79 3153 272 3239 religiosum
303 3165 448 3239 systema
480 3158 586 3240 primo
621 3158 655 3220 in
692 3156 854 3236 Helvetia,
889 3156 1010 3223 deinde
1042 3157 1076 3219 in
1100 3153 1211 3219 Gallia

78 3251 222 3338 aliisque
246 3253 439 3335 regionibus
463 3263 684 3339 propagatum
709 3255 780 3319 fuit.
790 3255 811 3335 1)
1282 3245 1283 3249 ¹

169 3351 223 3414 45.
272 3351 311 3413 In
337 3350 460 3436 Anglia
490 3351 657 3414 Henricus
682 3350 766 3414 VIII
799 3372 836 3413 eo
870 3359 1019 3434 tempore
1051 3350 1212 3412 excitavit

78 3448 238 3530 schisma,
264 3449 353 3533 quod
370 3470 448 3512 mox
464 3449 498 3512 in
513 3447 678 3512 haeresim
704 3470 837 3511 versum
856 3456 914 3511 est.
946 3447 1019 3510 Rex
1035 3445 1091 3509 ille
1116 3448 1211 3510 initio

77 3545 251 3609 Ecclesiae
284 3548 376 3609 visus
408 3555 457 3609 est
492 3544 590 3609 valde
621 3545 777 3610 addictus
808 3567 888 3625 esse,
925 3555 1026 3631 atque
1057 3568 1086 3609 a.
1114 3545 1211 3624 1521,

76 3665 182 3728 quum
210 3646 376 3729 principes
401 3643 602 3708 Germaniae
621 3644 693 3729 jam
718 3653 804 3708 esset
827 3644 986 3722 hortatus,
1012 3651 1049 3704 ut
1071 3641 1211 3705 Lutheri

74 3742 257 3805 audaciam
291 3743 428 3828 ejusque
459 3742 631 3805 doctrinae
667 3743 942 3826 propagationem
978 3741 1211 3824 reprimerent,

75 3848 194 3902 contra
218 3840 374 3903 cumdem
398 3839 504 3903 edidit
525 3838 649 3903 librum
673 3839 712 3902 dc
735 3849 855 3924 septem
874 3836 1101 3916 Socramcutis,
1126 3857 1211 3921 quae

75 3935 240 4000 adversus
268 3937 407 4001 Lutheri
439 3939 635 4001 assertiones
664 3947 734 4001 tam
768 3937 897 4000 erudite
929 3933 1089 4014 defendit,
1124 3945 1160 3996 ut
1192 3956 1212 3997 a

78 4033 191 4097 Leone
208 4034 243 4098 X
266 4035 360 4099 titulo
385 4035 574 4121 Defensoris
593 4034 673 4119 fidei
696 4043 831 4098 ornatus
857 4033 968 4097 fuerit.
1016 4030 1082 4095 Sed
1107 4031 1210 4095 schis-

154 4249 173 4310 ¹)
194 4245 400 4337 Cfr3Wouters
419 4247 491 4303 Hist.
511 4245 574 4302 eccl.
594 4247 624 4302 T.
645 4247 696 4300 ΙΙΙ,
720 4246 819 4312 Epoch.
839 4245 871 4304 Χ,
893 4261 918 4298 n.
939 4245 982 4302 20.
