2964 4912
310 467 426 522 Comitia
445 467 517 522 Cleri
536 469 614 522 annis
636 469 810 524 1680-1682
829 471 931 528 habita.
1129 472 1181 526 345

55 613 246 696 scripserat.
294 611 475 696 Utriusque
499 611 659 697 praesulis
691 615 736 676 ita
761 614 903 698 injustae
927 623 1021 678 erant
1052 636 1180 695 causae,

54 717 92 772 ut
124 731 181 772 eas
205 711 325 773 acriter
349 709 527 773 defendere
551 731 618 773 nou
642 711 818 794 auderent3
851 711 931 775 hinc
955 713 1090 776 modum
1116 735 1179 798 quo

54 829 113 869 eas
138 807 295 871 Pontifex
329 807 506 900 diremerat
529 817 689 871 accusant
717 817 750 871 et
773 809 908 874 acerbas
933 809 1082 895 querelas
1113 813 1181 875 suis

54 907 141 968 actis
176 907 326 969 inserunt
359 927 444 990 quae
476 907 565 990 typis
599 908 633 969 in
666 901 797 991 vulgus
819 906 872 969 edi
901 907 1031 993 jubent.
1079 908 1181 971 Aliud

52 1012 229 1086 praeterea
252 1005 423 1087 negotium
447 1003 535 1089 quod
559 1003 602 1066 ad
627 1004 820 1067 Mauritium
845 1007 894 1068 Le
912 1004 1033 1069 Tellier
1056 1005 1182 1070 archie-

53 1103 232 1186 piscopum
256 1101 477 1165 Rhemensem
509 1111 540 1164 et
563 1103 599 1164 in
625 1099 775 1165 Comitiis
805 1124 979 1166 causarum
1007 1101 1180 1166 relatorem

53 1198 270 1282 peculiariter
303 1198 507 1284 pertinebat,
545 1209 685 1263 tractare
720 1201 969 1284 aggrediuntur.
1019 1201 1181 1265 Innocen-

52 1299 123 1360 tius
148 1297 200 1360 XI
234 1319 373 1360 censura
407 1297 590 1361 confixerat
622 1297 744 1361 librum
777 1299 827 1361 De
860 1300 965 1362 causis
996 1300 1179 1386 majoribus,

52 1418 158 1480 quem
182 1395 333 1459 hortante
356 1397 406 1457 Le
430 1393 551 1459 Tellier
575 1393 743 1480 quondam
771 1395 906 1460 Garbato
930 1399 1178 1482 conscripserat.

52 1496 187 1558 Bonam
223 1495 257 1556 in
292 1514 330 1556 eo
367 1492 553 1556 doctrinam
585 1493 748 1556 contineri
779 1504 993 1575 censuerunt,
1030 1504 1063 1558 et
1092 1517 1180 1560 nova

51 1593 177 1674 editi0,
217 1591 415 1676 quibusdam
448 1601 559 1654 tamen
592 1593 765 1673 correctis,
797 1601 833 1654 ut
863 1592 956 1656 fieret
986 1595 1201 1659 statuerunt]

52 1690 209 1755 Tandem
235 1690 288 1754 die
313 1689 350 1754 20
373 1689 454 1752 Maii
480 1698 694 1771 censuerunt,
726 1689 982 1775 supplicandum
1008 1713 1076 1755 esse
1100 1695 1179 1776 regi,

52 1799 90 1851 ut
124 1787 167 1852 ad
199 1786 465 1872 componendum
490 1789 659 1870 negotium
692 1788 733 1851 de
757 1787 882 1872 regalia
912 1787 966 1851 vel
991 1788 1179 1853 Concilium

51 1885 224 1950 nationale
248 1883 301 1947 vel
326 1883 469 1948 Comitia
494 1883 580 1949 Cleri
606 1884 765 1948 celebrari
789 1887 1032 1969 permitteret.¹)

146 1993 200 2058 35.
239 1992 322 2075 Regi
354 2000 452 2076 atque
484 1993 644 2056 ministris
675 1993 746 2077 ejus
770 1994 876 2076 magis
907 1993 1032 2078 placuit
1064 1993 1348 2058 haberi0011¹¹tiorum

53 2091 201 2156 Comitia
226 2088 329 2171 Cleri,
367 2110 466 2173 quam
501 2088 688 2154 Concilium
722 2090 897 2155 nationale.
943 2091 1013 2155 Nec
1046 2094 1177 2158 mirum.
1221 2069 1316 2108 ¹¹¹d⁰¹⁰⁸'

52 2191 142 2254 Nam
176 2188 218 2251 ad
244 2187 431 2252 Concilium
464 2186 631 2251 nationale
664 2186 856 2252 habendum
889 2210 949 2273 per
979 2211 1013 2252 se
1045 2189 1180 2254 licentia

51 2286 228 2350 Pontificis
251 2285 501 2370 requirebatur3
526 2295 695 2370 praeterea
720 2308 798 2350 vero
823 2287 867 2350 ad
890 2286 989 2350 talem
1007 2287 1180 2371 Synodum

52 2407 171 2450 omues
195 2386 341 2469 episcopi
367 2394 461 2448 erant
485 2384 712 2465 convocandi,
747 2407 808 2448 nec
833 2407 907 2469 spes
932 2395 1017 2466 erat,
1051 2385 1120 2449 fore
1144 2396 1181 2450 ut

52 2506 170 2548 omnes
202 2484 271 2568 regi
305 2481 425 2546 servile
466 2481 661 2567 obsequium
699 2491 913 2567 praestarent.
970 2483 1067 2563 Quod
1101 2506 1178 2548 vero

51 2590 183 2666 spectat
207 2581 249 2644 ad
268 2579 404 2645 Comitio
424 2577 523 2659 Cleri,
548 2603 587 2644 ea
611 2589 705 2644 erant
728 2581 890 2645 institutio
914 2581 1078 2666 quaedam
1101 2593 1178 2646 tem·

52 2680 188 2765 poraria
211 2689 244 2741 et
266 2680 376 2763 potius
393 2678 536 2762 politica,
563 2679 616 2742 cui
641 2677 724 2742 nihil
741 2679 832 2742 aliud
858 2701 932 2742 cum
949 2679 1075 2762 synodo
1094 2702 1179 2743 com·

51 2799 173 2858 mune,
211 2779 273 2840 nisi
308 2777 396 2862 quod
430 2775 580 2839 membra
613 2774 830 2840 Comitiorum
865 2778 929 2840 viri
963 2775 1179 2841 ecclesiastici

50 2884 175 2940 essent.
222 2873 324 2958 Origo
349 2875 566 2938 Comitiorum
600 2874 780 2958 repetenda
813 2883 863 2938 est
895 2896 937 2937 ex
969 2897 1056 2938 anno
1083 2875 1178 2959 1561,

50 2972 189 3060 quando
214 2981 288 3056 post
306 2970 515 3057 Colloquium
540 2973 573 3035 in
592 2972 714 3056 oppido
730 2969 846 3056 Poissy
862 2971 1015 3036 habitum
1032 2975 1178 3059 episcopi

49 3072 165 3157 plures
198 3068 424 3134 deliberarunt
457 3070 497 3134 de
522 3070 680 3134 subsidiis
711 3071 845 3155 reginae
870 3069 1071 3134 Catharinae
1105 3093 1179 3135 con·

49 3168 231 3251 cedendis,
262 3190 364 3253 quum
389 3169 553 3232 aerarium
577 3168 705 3250 regium
737 3166 835 3253 plane
859 3168 1059 3231 exhaustum
1084 3179 1178 3234 esset.

49 3267 283 3330 Promiserunt
313 3267 459 3351 episcopi
484 3266 648 3330 informa
682 3276 859 3329 contractus
891 3265 1000 3348 largas
1024 3269 1179 3350 pecunia·

48 3387 127 3428 rum
153 3363 389 3427 subventiones
413 3363 513 3446 (ultra
536 3363 772 3448 septemdecim
789 3363 953 3427 milliones
977 3363 1178 3445 francorum)

49 3465 142 3527 intra
165 3461 336 3525 sexdecim
360 3441 465 3526 arduos
488 3461 675 3526 solvendas.
724 3460 856 3541 Quibus
887 3461 1007 3546 elapsis
1030 3464 1178 3548 repetitis

49 3558 187 3623 vicibus
211 3560 330 3623 iterum
354 3561 529 3624 convocati
553 3569 630 3623 sunt
652 3559 820 3645 praesules
844 3559 887 3623 ad
909 3559 1049 3624 similem
1066 3562 1177 3640 finem,
1206 3544 1213 3557 ’

49 3681 91 3721 ac
116 3656 278 3742 paulatim
302 3667 462 3721 statutum
485 3666 543 3739 est,
569 3667 605 3720 ut
628 3659 746 3742 quovis
770 3657 899 3721 decimo
923 3679 1010 3721 anno
1035 3658 1078 3722 ad
1103 3659 1178 3722 sub·
1205 3653 1207 3665 '

48 3757 139 3820 sidia
178 3757 364 3819 necessaria
400 3755 614 3820 concedenda
658 3753 793 3820 Comitia
835 3752 925 3820 Cleri
966 3755 1176 3823 haberentur.

49 3854 172 3918 Merito
205 3875 283 3917 vero
317 3852 524 3938 praesulibus
559 3854 616 3939 qui
650 3864 878 3917 convenerunt
912 3854 1034 3918 exinde
1067 3856 1177 3918 visum

50 3960 370 4037 estfopportunum,
407 3960 443 4014 ut
466 3973 505 4015 ea
529 3953 702 4015 occasione
727 3959 897 4014 uterentur
927 3950 971 4014 ad
995 3950 1177 4015 deliberan-

50 4050 134 4112 dum
160 4049 200 4113 de
225 4052 365 4134 negotiis
390 4049 632 4114 ecclesiasticis.

131 4263 150 4329 ¹)
172 4260 226 4315 Cfr.
247 4260 312 4316 Ooll.
331 4261 441 4318 Lacens.
461 4261 492 4318 T.
512 4262 533 4317 l.
553 4278 578 4330 p.
597 4262 659 4316 808.
