3034 4894
303 507 335 559 16
428 506 570 562 XXXVII.
593 505 632 560 De
650 506 737 559 initiis
756 523 788 560 ac
806 507 838 560 de
856 522 968 575 propag.
988 505 1296 574 pseudoreformationis.

301 651 410 728 missa,
450 649 571 735 quibus
610 649 693 713 nihil
724 652 911 713 continetur
943 651 1031 736 qued
1062 673 1128 714 non
1153 673 1228 714 cum
1254 655 1415 716 communi

301 747 527 832 theologorum
552 747 639 810 illius
673 749 835 833 temporis·
867 748 1027 827 doctriua,
1066 749 1120 813 vel
1159 771 1234 812 cum
1273 750 1417 814 fundatis

143 846 277 948 ξθζᾛῑῖζὲῗ·
302 845 577 910 Scholasticorum
603 845 825 931 opinionibus,
850 846 947 931 plane
964 841 1163 930 congruat.¹)
1188 886 1231 894 -
1256 847 1354 926 Quod
1375 849 1419 912 ad

272 937 276 948 ’
301 944 437 1008 alteram
462 945 706 1008 accusationem
731 955 866 1028 spectat,
897 947 967 1029 ipse
990 945 1143 1018 Tetzclus
1168 967 1240 1008 eam
1265 946 1420 1009 refutavit

300 1044 488 1106 testimonio
519 1041 653 1126 publico
678 1041 756 1105 cleri
781 1053 813 1105 et
837 1045 1047 1126 magistratus
1072 1044 1217 1107 civitatis
1242 1043 1415 1107 Hallensis.

301 1139 412 1219 Quum
438 1141 525 1202 enim
550 1161 714 1203 rumorem
739 1142 943 1225 sparsissent,
976 1141 1065 1226 quod
1089 1143 1282 1226 praesertim
1306 1142 1340 1205 in
1364 1141 1416 1205 illa

299 1241 433 1304 civitate
464 1241 573 1323 turpia
602 1241 666 1302 ista
696 1238 902 1303 sermonibus
937 1243 1174 1325 proposuisset,
1205 1241 1313 1303 testati
1345 1251 1418 1302 sunt

299 1335 404 1400 clerus
419 1346 452 1399 et
465 1339 675 1420 magistratus
688 1337 826 1401 solemni
840 1339 1037 1402 documento
1050 1339 1081 1402 d.
1092 1340 1123 1404 d.
1138 1340 1178 1402 14
1189 1341 1271 1402 Deo.
1284 1361 1313 1402 a.
1325 1338 1381 1401 151
1390 1339 1416 1418 l,
1439 1337 1441 1344 '

297 1456 469 1520 nunquam
494 1435 573 1499 talia
597 1458 638 1499 ex
663 1457 717 1499 ore
743 1436 815 1521 ejus
839 1436 1045 1516 excidisse.2)
1070 1475 1113 1482 —
1139 1437 1258 1517 Quoad
1289 1439 1416 1499 tertiam

297 1536 553 1612 accusationem,
587 1555 658 1597 eam
684 1535 808 1618 pariter
832 1537 966 1598 omnino
993 1535 1109 1599 falsam
1134 1558 1204 1599 esse
1236 1521 1416 1614 censemus,

298 1654 335 1696 co
359 1631 415 1695 vel
440 1634 555 1715 magis,
588 1631 675 1717 quod
701 1631 895 1695 subtractio
914 1635 1076 1716 pecuniae
1107 1633 1174 1696 fere
1207 1632 1420 1717 impossibilis

297 1739 390 1795 esset.
439 1731 586 1793 Pecunia
617 1732 706 1792 enim
738 1730 975 1815 projiciebatur
1005 1754 1024 1794 a
1057 1731 1211 1795 fidelihus
1242 1733 1275 1794 in
1308 1752 1416 1794 arcam

297 1830 491 1912 expositam,
517 1849 601 1911 quae
626 1827 750 1912 duplici
776 1850 863 1890 serra
889 1828 1020 1892 occlusa
1037 1839 1115 1910 erat,
1141 1852 1202 1893 nec
1226 1851 1245 1892 a
1270 1829 1419 1892 commis-

296 1928 381 1990 sario
406 1925 473 1988 solo
498 1928 618 2009 aperiri
644 1937 781 2010 poterat.
815 1926 858 1989 Ut
880 1926 1036 1990 videlicet
1060 1929 1167 1991 omnis
1191 1927 1315 1990 abusus
1331 1949 1419 2012 prae·
1494 1995 1495 2006 2

296 2036 478 2103 caveretur,
512 2026 726 2087 constituerat
756 2023 913 2087 Albertus
948 2023 1226 2115 archiepiscopus,
1259 2027 1315 2088 cui
1347 2047 1419 2109 pars
1478 2041 1495 2084 ·,

296 2121 580 2205 eleemosynarum
606 2143 761 2185 concessa
793 2133 871 2202 erat,
906 2133 942 2185 ut
965 2122 1099 2186 alterius
1123 2145 1230 2186 serrae
1255 2123 1362 2186 clavis
1386 2124 1417 2184 in
1494 2139 1495 2192 Τ

295 2219 449 2283 manibus
481 2221 721 2298 commissariii,
754 2220 887 2283 alterius
918 2242 996 2284 vero
1029 2223 1063 2283 in
1088 2221 1242 2285 manibus
1266 2220 1418 2284 officialis
1494 2219 1495 2288 l

295 2330 379 2381 esset
409 2317 451 2381 ab
483 2321 553 2403 ipso
586 2318 744 2402 deputati.
802 2316 959 2381 Habebat
989 2328 1098 2382 autem
1135 2319 1418 2382 administratores
1494 2311 1495 2332 ³

295 2415 470 2501 deputatos
504 2439 545 2478 ex
578 2418 678 2480 domu
710 2417 947 2500 Fuggercrum,
982 2419 1038 2502 qui
1073 2427 1167 2480 erant
1198 2419 1418 2500 negotiatores
1494 2429 1495 2432 ’

294 2514 507 2579 nummularii
544 2514 760 2592 celeberrimi,
800 2537 1006 2600 quorumque
1041 2517 1112 2599 ipse
1151 2514 1192 2578 ob
1231 2523 1417 2578 mutuatam

293 2615 469 2697 pecuniam
502 2612 632 2675 debitor
662 2624 739 2676 erat.
787 2613 962 2676 Provisum
994 2614 1095 2697 igitur
1126 2623 1205 2693 erat,
1239 2623 1275 2675 ut
1311 2634 1418 2696 neque

293 2711 450 2774 Albertus
475 2712 612 2773 nimiam
635 2721 763 2795 partem
788 2711 850 2774 sihi
876 2711 1047 2774 vindicare
1066 2721 1182 2796 posset,
1208 2731 1318 2795 neque
1335 2731 1417 2774 com-
1494 2795 1495 2798 Ἴ

295 2810 463 2871 missorius
487 2808 613 2892 aliquid
629 2809 792 2893 pecuniae
808 2809 989 2872 detrahere.
1031 2808 1142 2888 Quum
1160 2831 1237 2872 vero
1256 2810 1419 2873 detracta·
1494 2807 1495 2814 '

294 2914 380 2969 tores
405 2908 515 2968 omnia
540 2907 574 2968 in
598 2905 720 2969 malam
745 2916 876 2969 vertant
891 2918 1028 2991 partem,
1053 2907 1251 2986 factumest,
1278 2916 1315 2970 ut
1335 2909 1420 2970 sicut
1494 2891 1495 2902 ἵ

294 3003 350 3067 alii
376 3003 569 3067 calumniati
594 3013 670 3066 sunt
694 3002 874 3085 Tetzelum,
909 3005 997 3089 quod
1021 3007 1197 3090 pecuniam
1224 3006 1417 3082 detraxerit,
1494 3019 1495 3086 ᾖ

294 3104 340 3167 ita
364 3102 419 3166 alii
445 3101 674 3182 scandalosam
699 3102 847 3165 dicerent
878 3103 975 3165 istam
999 3103 1120 3187 agendi
1143 3105 1318 3184 rationem,
1354 3125 1420 3189 qua
1494 3089 1495 3180 l

295 3211 512 3265 mercatorum
547 3199 643 3263 modo
677 3199 840 3285 pecuniae
873 3211 1084 3265 servarentur
1114 3212 1146 3266 et
1174 3201 1418 3264 dividerentur.
1494 3191 1495 3204 ¹

294 3297 360 3362 Sed
384 3297 468 3361 nihil
492 3298 555 3360 hac
579 3298 613 3360 in
637 3321 672 3361 re
696 3298 760 3362 fuit
782 3320 897 3362 revera
918 3300 1092 3381 vitiosu1u3
1126 3301 1186 3364 etsi
1218 3300 1301 3364 forte
1337 3297 1418 3384 quid

293 3398 403 3458 minus
435 3397 637 3459 conveniens
670 3398 702 3459 in
737 3419 775 3460 ea
807 3397 1033 3481 Fuggerorum
1065 3397 1275 3482 invigilantia
1307 3397 1417 3460 videri

293 3504 412 3580 posset.
462 3493 636 3558 Caeterum
661 3497 830 3558 constituti
855 3506 948 3558 erant
971 3495 1103 3560 Tetzelo
1130 3507 1164 3559 ut
1189 3496 1419 3559 commissario

292 3593 438 3678 generali
463 3615 521 3677 per
544 3615 690 3656 mensem
716 3595 883 3676 octoginta
907 3592 1032 3676 floreni,
1058 3595 1114 3678 qui
1138 3594 1283 3678 profecto
1309 3594 1354 3659 ab
1380 3618 1419 3658 eo

367 3806 387 3872 ι)
407 3803 463 3861 oo.
483 3805 572 3859 Grone
590 3806 608 3860 l.
628 3823 649 3859 c.
669 3807 685 3876 ξ
705 3808 747 3860 15.
768 3837 799 3844 —
820 3806 998 3870 Rohrbacher‚
1018 3812 1039 3861 t.
1059 3806 1162 3859 XXIII.
1182 3807 1198 3876 ξ
1218 3809 1241 3863 1.
1268 3836 1301 3845 -
1330 3806 1420 3873 Quae·

292 3887 353 3940 dam
371 3887 543 3950 solummodo,
562 3887 604 3940 uti
622 3887 651 3940 in
670 3887 836 3941 sennonibus
856 3887 1000 3953 aliquando
1020 3880 1168 3952 beneclee,
1188 3887 1299 3941 nimium
1315 3903 1420 3956 urgen-

291 3973 346 4023 tur.
383 3967 414 4022 Ε.
434 3982 474 4034 g:
501 3966 695 4032 „Considerent
713 3966 817 4031 fideles,
842 3967 976 4020 hommem
995 3983 1045 4034 pro
1063 3967 1158 4032 quovis
1176 3972 1285 4034 peccato
1304 3967 1416 4020 mortali

292 4049 375 4103 etiam
402 4051 464 4114 post
491 4047 676 4113 poenitentiae
699 4053 898 4101 sacramentum
923 4055 1078 4113 susceptum
1096 4053 1199 4113 septem
1219 4047 1295 4099 annis
1316 4047 1369 4100 hac
1387 4047 1417 4100 ia

291 4128 351 4182 vita
378 4127 422 4180 vcl
452 4125 481 4179 in
508 4127 661 4194 purgatorii
685 4144 785 4195 poenas
810 4129 874 4182 dare
899 4128 1020 4182 debere.“
1059 4128 1110 4181 Sed
1135 4127 1203 4180 talia
1229 4127 1324 4194 exigui
1350 4134 1419 4180 sunt

291 4208 428 4262 momenti.
803 4229 805 4234 ¹

364 4287 386 4353 2)
406 4288 503 4352 (irone,
522 4286 539 4340 1.
559 4303 580 4344 c.
599 4288 741 4355 Appendix
759 4305 784 4342 u.
804 4290 852 4346 IV.
906 4278 911 4287 ’
