3288 4900
497 437 611 492 Concilii
628 437 752 505 periodus
770 437 896 493 secunda.
1218 437 1272 493 119

160 583 235 664 regis
258 581 462 662 Oratoribus,
496 593 527 645 et
559 603 617 666 pro
642 603 680 644 eo
704 581 792 666 quod
824 590 982 645 statutum
1007 580 1115 644 fuerat
1137 583 1173 644 in
1198 601 1272 645 eon·

158 679 313 762 gressibus
341 683 489 765 privatis,
521 678 691 753 decretum
716 689 774 760 est,
808 690 845 740 ut
868 688 1016 744 extrema
1048 680 1159 742 omnia
1183 679 1272 763 quod

158 776 218 839 fieri
250 788 358 860 posset
389 777 652 860 indulgerentur.
707 777 820 840 Patres
852 778 952 862 igitur
984 798 1196 858 consensere,
1236 786 1273 840 ut

158 876 334 939 sanctiones
366 875 549 938 destinatae
582 897 639 959 pro
670 873 805 958 publica
835 876 980 938 sessione
1013 876 1181 959 sequentis
1205 874 1272 939 diei

158 972 191 1034 de
218 973 339 1036 Missae
370 971 540 1036 Sacrificio
572 982 604 1036 et
635 971 771 1036 Ordinis
807 982 1013 1036 sacramento
1049 973 1270 1036 differrentur.

156 1067 312 1134 Statutum
337 1072 461 1156 pariter
484 1081 542 1150 est,
576 1081 612 1133 ut
636 1092 745 1134 novae
779 1070 913 1134 tabulae
945 1069 1168 1155 amplissimae
1192 1069 1271 1133 fidei

156 1166 299 1250 publicae
330 1169 548 1246 traderentur,
580 1190 664 1252 quae
693 1168 878 1232 secundum
908 1178 986 1231 vota
1014 1167 1271 1231 Protestantium

155 1264 212 1328 iere
226 1287 383 1350 expressa
398 1273 492 1329 erant
507 1266 607 1349 juxta
623 1265 762 1330 formam
781 1266 892 1330 salvus
909 1265 1093 1330 conductus
1109 1287 1129 1326 a
1144 1265 1270 1348 synodo

154 1361 327 1426 Basileensi
351 1363 510 1428 Bohemis
550 1367 714 1446 concessi,
754 1366 883 1430 omissis
923 1376 1034 1428 tamen
1070 1363 1270 1448 quibusdam

154 1460 255 1524 verbis
291 1484 335 1526 ex
360 1463 481 1547 quibus
505 1464 728 1528 Protestantes
760 1462 900 1527 subdola
923 1462 1193 1548 interpretatione
1217 1461 1270 1525 de-

153 1557 324 1639 ducebant,
345 1561 401 1643 jus
421 1561 570 1643 suffragii
595 1583 708 1624 eorum
733 1561 895 1644 theologis
920 1561 991 1625 dari
1016 1557 1147 1632 debere,
1172 1558 1269 1622 etad

152 1656 231 1739 ipsos
255 1668 407 1740 spectare
432 1656 546 1722 ultimo
566 1658 730 1742 judicare,
755 1681 798 1722 an
814 1659 985 1722 doctrinae
1001 1657 1172 1722 Ecclesiae
1193 1678 1269 1720 ‘con-

150 1752 263 1818 formes
288 1765 399 1818 esseut
422 1755 622 1840 Scripturae.
652 1793 695 1802 -
725 1758 858 1820 Postero
884 1768 994 1820 eutem
1019 1757 1082 1837 die,
1109 1757 1268 1837 vigesimo

150 1853 257 1934 quinto
283 1853 437 1917 lanuarii
476 1877 505 1916 a.
536 1854 628 1934 1552,
665 1854 898 1939 decimoquinto
927 1857 1024 1918 sessio
1062 1853 1176 1916 habita
1208 1864 1266 1918 est.

149 1946 358 2034 Promulgata
383 1952 466 2014 inee
489 1951 581 2014 fuere
607 1951 671 2015 duo
696 1952 828 2015 decreta
853 1951 893 2015 de
918 1952 1148 2036 prorogatione
1171 1950 1264 2014 etde

148 2045 299 2127 publicae
330 2050 514 2112 securitatis
549 2049 670 2116 libelle.
724 2051 844 2114 Verbis
873 2052 1036 2135 gravitate
1071 2073 1109 2113 ac
1142 2052 1264 2135 pietate

149 2146 318 2226 permixtis
342 2149 585 2230 prorogationis
609 2171 647 2211 ee
671 2151 755 2212 ratio
779 2149 990 2229 reddebatur,
1015 2149 1103 2234 quod
1119 2159 1269 2232 expecta·

148 2252 255 2305 rentur
282 2241 428 2326 theologi
452 2245 719 2328 Protestantium,
745 2269 884 2333 quorum
910 2248 1044 2310 nomine
1068 2246 1269 2331 postulatum

147 2338 177 2401 id
199 2339 320 2420 fuerat,
346 2341 511 2427 simulque
536 2343 727 2410 celerrimus
744 2346 872 2410 illorum
891 2346 1056 2410 adventus
1072 2347 1268 2430 promissus3

148 2457 217 2499 cum
248 2437 453 2521 sperandum
484 2452 578 2522 esset,
620 2464 675 2506 eos
706 2444 840 2506 tandem
865 2443 1034 2507 Ecclesiae
1060 2443 1189 2528 judicio
1218 2464 1269 2506 ac·

146 2535 329 2617 quieturos,
370 2548 627 2624 exoptatamque
665 2542 877 2606 concordiam
911 2541 1100 2606 christianis
1138 2539 1269 2626 populis

147 2631 340 2700 reddituros.

231 2732 286 2794 75.
333 2731 560 2796 Nihilominus
583 2735 841 2801 Protestantium
867 2737 1031 2816 Oratores,
1064 2739 1188 2820 quippe
1212 2737 1268 2821 qui

147 2825 340 2892 Tridentum
373 2842 581 2894 accesserant
604 2854 671 2896 non
696 2843 732 2896 ut
756 2835 995 2899 concordarent
1018 2835 1076 2899 sed
1103 2845 1137 2896 ut
1160 2835 1268 2898 obtur-

147 2923 277 3008 barent,
313 2928 527 3013 amplissimis
558 2930 713 3016 publicae
748 2934 827 2998 fidei
858 2957 897 2998 ac
928 2935 1114 2998 securitatis
1145 2931 1268 2996 tabulis

145 3044 205 3088 non
231 3047 268 3088 se
293 3025 509 3090 ostenderunt
533 3039 715 3109 contentos,
741 3035 850 3096 varias
873 3032 1020 3096 tulerunt
1042 3029 1200 3116 querelas,
1236 3039 1268 3094 et

144 3121 361 3203 postularunt,
387 3134 422 3188 ut
439 3124 608 3190 doctrinae
625 3128 785 3194 discussio
810 3133 945 3195 omnino
969 3153 1035 3194 non
1053 3130 1154 3208 fieret,
1179 3138 1268 3192 ante·

145 3238 241 3301 quam
268 3241 383 3284 eorum
406 3221 553 3306 theologi
578 3227 802 3292 advenissent.
851 3226 935 3292 Oum
949 3228 1072 3293 Caesar
1096 3229 1195 3290 etiam
1220 3247 1267 3290 ro-

143 3317 289 3398 gavisset
313 3317 497 3401 Synodum,
530 3331 567 3384 ut
588 3321 791 3409 reliquorum
814 3327 1071 3391 Protestantium
1097 3346 1266 3388 accessum

144 3414 406 3498 praestolaretur,
439 3418 595 3482 Pontifex
619 3444 658 3484 ac
681 3423 797 3488 Patres
821 3447 1016 3488 consensere
1039 3422 1266 3509 prorogandae

143 3515 293 3594 sessioni,
327 3536 412 3599 quae
434 3516 543 3580 fuerat
566 3519 692 3584 indicta
716 3522 758 3585 ad
784 3522 872 3587 diem
900 3525 979 3587 19um
1003 3523 1128 3602 Martii,
1162 3542 1266 3605 usque

143 3609 182 3670 ad
206 3610 274 3674 kal.
298 3611 414 3678 Maias.
461 3615 613 3680 Aderant
635 3629 746 3684 autem
771 3642 808 3685 eo
833 3632 981 3706 tempore
999 3618 1146 3684 Concilio
1168 3620 1266 3704 juxta

143 3704 335 3772 Sleidanum
357 3710 507 3777 Tridenti
533 3727 740 3798 praesentem
764 3719 878 3784 Patres
903 3721 1113 3805 septuaginta
1137 3717 1201 3781 dno
1226 3738 1266 3780 ac

142 3811 205 3867 tres
221 3805 406 3873 Praesides.
435 3809 490 3872 Ex
506 3812 671 3896 episcopis
695 3817 815 3899 viginti
840 3819 987 3902 quinque
1002 3826 1095 3881 erant
1110 3816 1264 3901 Hispani,

144 3911 214 3965 octo
239 3901 408 3986 Germani,
443 3906 508 3970 duo
542 3908 748 3994 eSardinia,
779 3927 921 4000 quatuor
944 3938 962 3979 e
985 3915 1099 3979 Sicilia
1123 3925 1155 3978 et
1178 3936 1265 3977 unus

144 4017 184 4059 ex
207 4000 391 4083 Pannonia,
429 4006 483 4088 qui
514 4027 628 4071 omnes
660 4031 796 4074 numero
829 4013 1048 4098 quadraginta
1073 4011 1264 4078 Caesariani

144 4108 245 4160 erant.
269 4097 322 4161 Ex
338 4098 474 4185 reliquis
499 4104 619 4187 viginti
644 4105 775 4172 duobus
799 4110 904 4195 major
920 4133 996 4195 pars
1013 4112 1171 4176 obstricta
1196 4118 1265 4173 erat

145 4187 287 4277 Caesari,
312 4217 378 4281 qua
400 4197 547 4264 familiae
570 4201 731 4286 clientela,
756 4229 822 4292 qua
838 4207 1042 4293 subjectione
1058 4210 1262 4289 dioeceseos,
