3336 4908
535 461 574 514 Dc
594 461 667 513 Pace
689 460 871 516 Olcrueotiuu.
1209 465 1262 520 275

151 600 241 664 lirres
271 602 489 684 condemnes,
522 602 612 666 selon
643 603 675 667 la
706 605 854 669 doctrine
885 605 1072 692 catholique
1103 617 1261 674 soutenue

150 699 225 762 dans
248 709 321 764 tous
344 699 391 764 les
415 700 531 765 siecles
556 724 615 786 par
638 711 711 766 tous
727 703 774 766 les
791 702 953 783 docteurs,
978 714 1011 768 et
1025 709 1132 770 meme
1148 728 1192 784 eu¹
1207 729 1261 771 ces

149 797 288 860 derniers
313 810 419 883 temps
443 821 503 886 par
525 797 572 862 les
595 798 670 884 plus
685 801 809 884 grands
826 801 1020 866 defenseurs
1036 802 1077 866 de
1094 802 1260 868 l’autorite

148 894 188 957 du
211 893 242 959 S.
268 893 376 978 Sie'ge,
400 895 461 959 tels
486 897 598 981 qu’ont
622 899 673 960 ete
697 897 743 962 les
769 896 962 963 Cardinaux
985 900 1157 982 BaroniuS,
1189 902 1260 967 Bel·

148 991 270 1077 larmin,
304 994 344 1058 de
368 993 552 1076 Richelieu,
582 994 765 1059 Pallavicin
799 1005 831 1060 et
854 996 901 1060 les
924 996 988 1061 PP.
1012 999 1116 1063 Petau
1141 1007 1173 1061 et
1197 998 1260 1064 sir-

148 1091 250 1171 mond,
275 1100 309 1154 et
331 1096 439 1156 meme
463 1093 723 1158 conformdment
742 1092 902 1180 al'esprit
926 1094 983 1159 des
998 1095 1111 1161 Bulles
1134 1098 1261 1182 aposto·

146 1185 253 1272 liques,
279 1191 336 1273 qui
362 1201 410 1253 est
434 1191 475 1254 de
499 1213 540 1255 ne
565 1191 645 1273 dire,
670 1193 705 1256 ni
730 1193 843 1274 ecrire,
869 1195 903 1256 ni
928 1196 1101 1278 enseigner
1123 1196 1195 1261 rien
1220 1196 1260 1260 de

144 1289 303 1350 contraire
319 1289 340 1351 ὲ
356 1310 393 1351 ce
409 1290 465 1374 qui
481 1311 500 1352 a
516 1290 569 1352 ete
585 1290 705 1354 decide
720 1312 780 1374 par
791 1290 838 1356 les
853 1291 961 1377 Papes
976 1315 1032 1355 sur
1048 1314 1084 1355 ce
1099 1293 1194 1378 sujet.
1212 1346 1219 1360 .
1234 1343 1258 1360 ..

105 1369 107 1380 ’
145 1382 227 1448 C’est
257 1386 349 1450 aussi
372 1395 466 1449 notre
498 1408 660 1471 croyanoe
685 1397 717 1451 et
740 1386 822 1451 celle
854 1388 911 1452 des
935 1388 1091 1453 dix-neus
1116 1392 1260 1476 eveques

106 1479 107 1484 ’
143 1483 195 1566 qui
226 1495 285 1547 ont
317 1486 400 1548 ecrit
430 1486 450 1547 a
481 1482 525 1548 Sa
555 1484 737 1550 Saintete.“
789 1485 879 1549 Huic
911 1485 1126 1551 declarationi
1160 1490 1259 1553 etiam

143 1581 336 1668 subscripsit
358 1581 538 1646 Arnaldus.
585 1581 776 1647 Declaratio
802 1585 993 1648 examinata
1016 1585 1079 1649 fuit
1102 1585 1258 1650 aNuntio

142 1689 171 1742 et
203 1680 246 1744 ab
280 1680 530 1765 archiepiscopo
562 1681 738 1745 Parisiensi
775 1690 808 1745 et
844 1681 983 1746 Romam
1020 1685 1257 1766 transmissa.¹)

142 1779 304 1844 Omnibus
321 1779 491 1862 perpensis
506 1788 670 1863 postremo
688 1777 841 1843 Clemens
854 1778 905 1842 IX
920 1789 993 1864 post
1007 1779 1259 1846 haesitationem
1268 1781 1428 1884 ΒοῖῗῩζῖθθΡΠ·

141 1876 282 1962 aliquam
302 1876 355 1940 die
370 1875 428 1938 19⁰
440 1875 462 1940 J
464 1877 593 1940 anuarii
608 1899 637 1939 a.
654 1876 739 1941 1669
756 1877 845 1940 misit
859 1876 967 1941 Breve
981 1878 1259 1944 reconciliationis
1295 1855 1334 1883 ΗΕ
1345 1854 1413 1884 mm

142 1975 180 2037 ad
212 1973 287 2038 illos
326 1983 467 2058 quatuor
502 1974 688 2057 episcopos,
727 1975 761 2036 in
805 1994 868 2059 quo
903 1975 989 2038 inter
1021 1975 1086 2039 alia
1124 1977 1258 2042 scribit:

144 2071 409 2155 „Significabatis
433 2092 492 2154 per
524 2070 649 2134 litteras
673 2070 716 2135 ad
741 2092 800 2135 nos
824 2073 942 2136 missas
967 2094 1026 2137 vos
1044 2073 1144 2159 juxta
1168 2097 1258 2160 prae·

136 2173 298 2255 scriptum
311 2169 511 2231 Litterarum
521 2167 789 2253 Apostolicarum
804 2219 811 2232 .
826 2221 833 2234 .
848 2217 856 2233 .
870 2170 997 2233 sincere
1014 2170 1257 2256 subscripsisse,

141 2277 170 2328 et
191 2267 358 2331 subscribi
389 2266 506 2330 fecisse
529 2266 720 2330 formulario
752 2269 787 2330 in
811 2267 960 2352 ejusdem
983 2268 1167 2333 Alexandri
1192 2271 1259 2335 Vll

105 2415 106 2418 1
143 2364 270 2430 litteris
301 2364 399 2427 edito.
446 2365 533 2428 Nam
558 2365 852 2428 Praedecessorum
876 2365 1070 2430 Nostrorum
1095 2364 1258 2432 Constitu·

142 2463 283 2527 tionibus
309 2462 496 2525 firmissime
511 2461 731 2542 inhaerentes,
757 2462 881 2527 nullam
898 2465 986 2527 circa
1000 2463 1080 2527 illud
1095 2467 1258 2550 exceptio·

142 2582 211 2624 nem
248 2568 309 2624 aut
347 2561 588 2623 restrictionem
629 2560 806 2624 admissuri
853 2582 1001 2646 unquam
1047 2561 1258 2627 fuissemus.“

141 2655 313 2742 Significat
342 2679 438 2743 porro
470 2680 512 2720 ex
541 2655 650 2721 Gallia
682 2660 834 2722 nuntiata
869 2658 1034 2743 quaedam
1067 2680 1137 2722 esse
1173 2682 1258 2745 quae

141 2755 276 2819 dubium
309 2755 505 2841 injiciebant
533 2755 574 2819 de
598 2757 709 2819 animo
734 2778 847 2820 eorum
872 2758 1021 2838 sincero,
1063 2757 1157 2822 dein:
1194 2759 1256 2840 „In

141 2873 293 2936 praesens
325 2862 437 2916 tamen
472 2874 574 2938 quum
609 2874 698 2916 nova
730 2864 762 2916 et
791 2855 907 2938 gravia
940 2855 1038 2918 istinc
1067 2857 1257 2939 accepimus

143 2950 338 3015 documenta
369 2972 469 3014 verae
499 2973 538 3014 ac
569 2950 680 3015 totalis
711 2951 920 3015 obedientiae
952 2961 1095 3033 vestrae,
1129 2975 1194 3038 qua
1225 2963 1257 3017 et

138 3047 327 3112 formulario
352 3050 480 3112 sincere
504 3047 754 3132 subscripsistis,
789 3058 821 3112 et
853 3049 1017 3113 damnatis
1041 3049 1166 3134 absque
1190 3049 1257 3114 ulla

139 3147 332 3231 exceptione
369 3154 427 3209 aut
464 3147 671 3209 restrictione
715 3148 863 3231 quinque
901 3146 1184 3232 Propositionibus
1221 3149 1256 3210 in

138 3242 292 3306 omnibus
323 3243 473 3306 sensibus
503 3245 538 3307 in
562 3243 683 3328 quibus
706 3266 726 3306 a
750 3242 835 3308 Sede
859 3243 1050 3329 Apostolica
1080 3244 1256 3309 damnatae

142 3338 288 3417 fuerunt,
317 3339 417 3403 alieni
442 3362 574 3425 prorsus
599 3341 676 3404 estis
700 3364 719 3404 a
743 3343 944 3406 renovandis
969 3344 1003 3405 in
1028 3341 1091 3405 hac
1114 3365 1149 3406 re
1173 3365 1256 3406 erro-

139 3437 225 3501 ribus
249 3437 315 3502 illis
339 3439 395 3523 qui
419 3437 462 3502 ab
479 3439 596 3502 eadem
621 3439 769 3503 damnati
786 3443 896 3505 sunt.“
944 3440 1088 3504 Domum
1105 3443 1185 3526 ipsis
1200 3463 1255 3506 an·

142 3537 267 3600 nuntiat
291 3557 385 3599 suam
409 3557 526 3620 pacem
552 3545 584 3599 et
606 3535 913 3616 benedictionem.²)

224 3678 277 3743 64.
314 3676 494 3762 Postquam
518 3699 555 3740 eo
581 3678 678 3742 modo
693 3678 917 3743 reconciliatio
932 3679 1021 3744 facta
1035 3690 1093 3763 est,
1118 3701 1255 3764 magnos

139 3774 321 3860 triumphos
345 3785 483 3858 egerunt
498 3776 720 3860 Jansenistae,
746 3799 807 3841 nec
831 3780 928 3841 veriti
954 3789 1030 3842 sunt
1045 3779 1254 3862 contendere,

142 3960 348 3970 5—-

140 4142 162 4194 Α
209 4067 239 4199 ¹131
247 4066 285 4215 Lp
304 4067 450 4134 phantomc
475 4067 511 4121 du
529 4067 708 4134 lausenisme,
734 4068 774 4122 ch.
793 4068 867 4126 XIX.
888 4069 1003 4141 (Auctor
1027 4069 1107 4138 huJus
1131 4069 1195 4124 libri
1213 4075 1255 4124 est

164 4160 211 4198 rna
239 4162 289 4203 us.

209 4234 231 4305 2)
250 4235 283 4290 V.
303 4235 424 4290 Histoire
442 4237 488 4290 des
507 4236 568 4304 cinq
586 4236 779 4305 Propositions,
798 4253 823 4305 p.
843 4239 904 4293 650.

1094 4327 1147 4381 18*
