3336 4908
414 460 468 516 276
809 458 868 514 XL.
905 459 945 512 De
963 458 1142 516 Janseuismo.

414 629 435 672 a
459 604 628 671 Clemente
651 603 712 686 IX,
744 625 848 689 quum
879 623 996 687 pacem
1025 601 1169 666 dedisset
1201 603 1365 688 episcopis
1388 623 1450 666 uon
1468 605 1508 664 ob·

415 713 522 773 stante
554 725 668 768 eorum
702 700 926 765 declaratione
958 701 992 763 in
1023 700 1161 783 synodis
1194 701 1296 783 facta,
1329 699 1512 784 adquievisse

413 803 455 866 iis
486 803 542 888 qui
575 799 830 882 contendebant,
864 801 899 862 in
922 799 1114 883 quaestione
1143 798 1223 862 facti
1247 797 1358 883 quoad
1383 795 1511 861 conden-

413 902 581 964 nationem
614 898 875 984 propositionum
900 896 1052 961 Jansenii
1084 895 1168 960 nihil
1201 895 1292 960 aliud
1323 897 1443 980 requiri
1463 895 1512 956 nisi

413 998 645 1083 obsequiosum
678 995 857 1059 silentium.
911 992 1036 1059 Omnes
1071 1003 1220 1058 auctores
1251 977 1457 1059 Jansenistae
1487 989 1513 1052 id

412 1096 534 1160 exinde
558 1093 771 1180 publicarunt
798 1101 831 1155 et
861 1101 975 1176 aperta
998 1092 1104 1156 fronte
1129 1093 1286 1156 continuo
1312 1098 1511 1156 asseruerunt.

412 1193 527 1257 Factio
551 1202 662 1256 autem
685 1213 745 1277 per
766 1190 904 1273 triginta
936 1189 1005 1253 fere
1027 1211 1132 1253 annos
1157 1190 1298 1254 multum
1322 1212 1356 1254 se
1381 1188 1514 1252 dilatavit

412 1301 444 1354 et
466 1311 638 1377 perversas
657 1311 732 1353 suas
748 1289 916 1353 doctrinas
932 1289 1139 1373 propagavit.
1157 1325 1200 1336 -
1217 1287 1447 1374 Expendenda
1456 1287 1512 1371 jam

412 1387 508 1452 nobis
531 1398 633 1453 restat
655 1388 804 1473 quaestio
837 1387 915 1450 satis
940 1385 1118 1470 implicata,
1151 1408 1217 1471 qua
1238 1388 1367 1451 ratione
1396 1388 1454 1449 ista
1473 1404 1514 1446 ne·
1550 1331 1552 1414 l

410 1487 491 1569 gotii
515 1484 682 1550 conclusio
699 1487 741 1549 sit
756 1483 965 1570 explicanda.
978 1521 1014 1532 -
1024 1483 1120 1548 Multi
1137 1486 1239 1568 igitur
1255 1495 1407 1549 auctores
1422 1482 1512 1547 existi·
1550 1481 1552 1568 l

340 1659 378 1688 um
410 1593 512 1666 mant,
531 1582 735 1648 Clementem
747 1583 799 1648 IX
814 1585 946 1668 penitus
961 1585 1128 1667 ignorasse
1142 1605 1190 1668 ea,
1209 1604 1293 1668 quae
1310 1582 1353 1646 ab
1370 1581 1514 1666 episcopis
1551 1575 1552 1582 '

381 1677 446 1745 'in
479 1683 546 1745 suis
577 1680 714 1765 synodis
747 1680 913 1745 declarata
948 1689 1050 1762 erant,
1082 1690 1114 1744 et
1143 1680 1298 1745 habuisse
1323 1700 1435 1743 eorum
1457 1676 1513 1742 sub·

410 1780 602 1843 missionem
636 1779 679 1844 ob
709 1779 886 1844 relationes
922 1801 942 1842 a
973 1780 1122 1863 personis
1154 1779 1313 1862 delegatis
1345 1800 1385 1841 ac
1408 1777 1514 1840 Nuntio

408 1878 473 1961 ipsi
496 1877 602 1941 factas
626 1888 663 1941 ut
687 1879 861 1958 sinceram,
893 1878 1048 1960 quamvis
1071 1875 1310 1961 aliquantisper
1333 1874 1512 1958 benignitati

407 1974 592 2042 indulserit.
641 1975 748 2057 „Utut
765 1975 817 2055 sit,
842 1973 957 2037 scribit
967 1973 1146 2056 Tournely,
1171 1974 1213 2037 de
1228 1973 1284 2038 illa
1300 1975 1510 2058 episcoporum

408 2081 551 2157 quatuor
588 2073 709 2158 agendi
739 2073 877 2154 ratione,
917 2093 1017 2157 quam
1053 2093 1112 2156 pro
1150 2073 1338 2136 reverentia
1377 2070 1512 2135 refricare

408 2168 561 2235 nolumus
584 2171 728 2236 obducto
761 2191 860 2254 super
882 2178 984 2233 totum
1016 2169 1104 2233 istud
1129 2171 1324 2253 mysterium
1348 2168 1440 2232 velo:
1467 2187 1511 2251 pro

408 2277 496 2332 certo
528 2277 560 2332 et
589 2267 759 2352 explorato
789 2266 872 2331 illud
895 2266 1102 2350 habendum,
1140 2276 1172 2330 et
1202 2279 1330 2330 secreta
1363 2266 1419 2330 illa
1441 2265 1509 2328 Acta

407 2365 555 2430 verbalia
589 2367 633 2430 ad
656 2365 830 2430 Pontificis
862 2366 1015 2428 notitiam
1054 2386 1217 2450 nusquam
1255 2367 1456 2450 pervenisse,
1488 2371 1510 2422 et

407 2463 604 2528 Pontificem
635 2486 765 2549 semper
797 2484 991 2549 persuasum
1022 2462 1191 2541 habuisse,
1240 2463 1348 2526 dictos
1388 2471 1510 2547 quatuor

407 2564 579 2649 episcopos
609 2565 737 2627 sincero
775 2563 887 2625 animo
918 2560 1044 2645 absque
1073 2559 1140 2624 ulla
1170 2558 1371 2625 limitatione
1399 2582 1455 2623 sen
1476 2579 1509 2620 re-

407 2661 575 2725 strictione
606 2660 839 2746 subscripsisse
874 2658 1035 2723 formulae
1067 2658 1252 2723 Alexandri
1285 2659 1385 2725 Vll.“
1399 2661 1419 2741 ¹)
1470 2657 1506 2719 Ita

407 2759 506 2822 etiam
540 2760 731 2823 existimant
762 2755 943 2840 Bolgeni,²)
975 2755 1332 2843 Berault·Bercastel,³)
1356 2755 1505 2832 Dumasst

405 2855 475 2920 Alii
489 2866 648 2940 auctoreS,
673 2841 942 2938 utRohrbacber,
967 2859 1124 2919 omittunt
1138 2865 1242 2920 totum
1259 2855 1342 2921 illud
1358 2857 1505 2939 negotium

406 2954 502 3037 (forte
525 2964 658 3040 propter
682 2953 918 3036 difficultates),
951 2953 1005 3018 vel
1034 2953 1180 3017 breviter
1211 2963 1343 3018 tantum
1373 2957 1504 3020 innuunt,

404 3053 453 3115 uti
468 3051 583 3136 Alzog,
608 3073 667 3137 per
689 3051 954 3115 observationem
979 3053 1165 3137 obsequiosi
1189 3050 1313 3116 silentii
1337 3048 1503 3116 reconcilia·

404 3151 528 3214 tionem
552 3150 674 3214 factam
699 3149 811 3231 essel)
858 3148 923 3214 Sed
948 3171 1055 3235 neque
1079 3148 1209 3214 admitti
1233 3158 1352 3235 potest,
1378 3149 1501 3214 Clemer·

404 3257 470 3311 tem
485 3249 543 3312 IX
566 3248 764 3332 permisisse,
789 3255 826 3309 ut
849 3247 958 3331 quoad
974 3247 1102 3332 factum
1116 3249 1151 3311 in
1164 3250 1360 3332 quaestione
1376 3241 1501 3313 Jansenii

478 3439 499 3510 ¹)
519 3441 559 3494 De
578 3441 671 3508 gratia
689 3441 705 3498 l.
726 3457 747 3498 c.

475 3521 498 3588 ⁴)
516 3521 595 3574 Fatti
613 3521 708 3574 domm.
727 3521 761 3576 V.
780 3519 802 3574 I.
821 3537 843 3576 c.
863 3519 938 3576 XVI.

477 3602 498 3668 8)
517 3600 589 3657 Hist.
610 3601 708 3656 eccll.
729 3616 750 3656 c.

478 3681 500 3750 Ι)
518 3680 640 3734 Histoire
659 3680 705 3734 des
724 3680 749 3734 V
768 3680 961 3748 Propositum,
986 3681 1072 3749 Liege
1086 3681 1168 3746 1699,
1194 3697 1337 3750 anonyme,
1363 3683 1407 3736 sed
1426 3684 1498 3734 cucur

402 3764 445 3813 est
462 3760 549 3818 Hilar.
567 3761 678 3816 Dumas.

474 3839 497 3908 ⁵)
516 3841 551 3897 Κ.
559 3840 591 3897 G.
598 3841 629 3898 T.
641 3840 677 3894 II.
691 3839 707 3910 ἕ
719 3838 780 3893 365.
796 3870 828 3879 —
842 3839 939 3905 (irone,
951 3840 1231 3912 PapstgeschichteT.
1239 3841 1276 3894 H.
1286 3859 1313 3910 p.
1321 3845 1373 3897 415
1382 3841 1426 3910 (ed.
1435 3835 1493 3890 18le

400 3917 507 3972 scribit:
526 3919 665 3986 „Clemens
683 3936 741 3973 war
759 3920 803 3974 ein
815 3920 899 3974 Fi'urst
918 3921 965 3975 der
976 3922 1066 3988 Milde,
1086 3923 1132 3976 des
1143 3923 1283 3976 Friedens.
1315 3926 1366 3980 Um
1378 3916 1494 3978 inFrsuk·

401 3996 474 4050 reich
491 3998 536 4052 die
547 4000 780 4054 Jansenistischen
801 4001 928 4055 Unruhen
945 4017 980 4054 zu
997 4001 1234 4070 beschwichtigen,
1253 4004 1387 4058 versasste
1402 3995 1492 4055 er1668

402 4076 462 4129 cine
479 4077 800 4146 Abschwdruugsformel,
827 4081 915 4134 worin
936 4081 1007 4136 bloss
1032 4082 1075 4135 die
1093 4083 1299 4152 Verdammung
1322 4086 1368 4138 der
1388 4078 1441 4135 sunl
1457 4076 1490 4128 bt*

400 4157 523 4211 kannten
541 4158 622 4212 Sttze
640 4160 770 4227 verlangt
788 4161 888 4226 wurde,
913 4161 981 4216 ohne
999 4161 1099 4216 darauf
1114 4179 1149 4216 zu
1167 4162 1308 4230 bestehen,
1334 4160 1489 4218 cassies-011

400 4238 547 4292 Jansenius
565 4237 674 4307 gelehrt
692 4239 792 4295 seien.“
