3288 4900
443 432 499 501 ,112
768 431 924 485 XXXVIII.
943 432 983 486 De
1003 432 1121 486 Concilio
1139 434 1307 489 Tridentino.

447 575 557 637 rinum
582 574 795 655 concederet,
825 575 884 638 sed
907 577 1027 639 restitit
1051 576 1222 658 Octavius,
1254 601 1294 642 ac
1318 589 1483 663 postremo
1509 578 1562 662 ipsi

448 670 588 735 ducatus
612 674 798 737 Parmensis
832 695 1007 737 concessus
1031 670 1104 739 fult.
1151 675 1262 738 Etiam
1287 676 1398 741 Julius
1422 675 1474 739 III
1499 697 1560 739 con-

447 770 593 833 firmavit
610 769 750 834 Octavio
774 771 911 835 seudum
927 772 1018 853 illud,
1044 794 1199 856 magnam
1213 772 1480 838 benevolentiam
1495 774 1561 837 Far-

447 869 592 931 nesianis
617 869 770 951 ostendit,
796 879 828 933 ct
852 869 1064 934 difficultates
1081 870 1121 934 de
1138 869 1328 936 Placentiae
1353 873 1564 956 occupatione

447 987 522 1029 cum
547 965 751 1051 Imperatore
782 989 979 1052 componere
1012 969 1148 1032 studuit.
1195 969 1241 1033 dt
1265 969 1426 1035 Octavius
1451 970 1562 1033 Farne-
1607 995 1608 998 ¹

345 1102 353 1114 ·
447 1068 524 1144 sius,
550 1086 651 1148 quum
676 1086 774 1148 aegre
798 1067 905 1144 ferret,
940 1065 1142 1129 Placentiam
1169 1069 1202 1131 in
1221 1067 1346 1132 ditione
1371 1090 1441 1132 esse
1466 1069 1565 1153 lmpc¹

298 2564 426 2607 conserano

166 2607 197 2686 t¹
278 2629 439 2680 reglsGalliae.
469 2651 475 2663 ·

446 1171 573 1249 ratoris,
606 1163 770 1247 simulque
795 1164 894 1227 etiam
920 1166 1157 1249 possessionem
1181 1166 1319 1230 Parmae
1344 1189 1411 1230 non
1436 1168 1563 1229 omnino
1619 1198 1620 1206 κ

446 1275 551 1330 tutam
577 1264 640 1328 sibi
665 1286 736 1327 esse
761 1262 917 1345 crederet,
950 1264 1013 1326 nisi
1038 1262 1150 1326 valida
1174 1266 1378 1347 protectione
1402 1264 1561 1348 gauderet,

447 1368 481 1428 in
506 1365 676 1427 civitatem
702 1363 799 1425 istam
831 1360 1035 1446 praesidium
1066 1363 1191 1445 recepit
1220 1361 1361 1426 militum
1386 1361 1565 1426 Gallorum..
1621 1375 1622 1390 ¹

447 1463 499 1526 Ita
523 1463 672 1525 intimius
697 1481 730 1523 se
749 1459 866 1544 junxit
889 1458 1041 1544 partibus
1056 1458 1193 1522 Henrici
1218 1461 1346 1544 regis.¹)
1386 1457 1564 1524 CarolusV

447 1570 558 1625 autem
583 1561 645 1622 ista
670 1558 711 1621 de
734 1580 769 1621 re
793 1556 1008 1620 vehementer
1024 1568 1208 1620 commotus
1223 1557 1295 1642 fuit,
1321 1557 1478 1621 Pontifex
1494 1579 1565 1620 vero
1622 1607 1623 1619 ,

447 1659 571 1744 pariter
594 1658 776 1740 aegerrime
800 1654 885 1736 tulit,
912 1655 998 1740 quod
1017 1655 1179 1720 Octavius
1200 1657 1271 1720 sine
1288 1678 1452 1721 consensu
1470 1659 1566 1742 ipsius
1623 1678 1624 1692 ¹

448 1760 482 1820 in
506 1754 677 1819 Ecclesiae
700 1753 837 1817 feudum
863 1754 1065 1838 praesidium
1090 1751 1261 1817 Gallorum
1287 1757 1495 1840 suscepisset.
1528 1755 1564 1817 Et
1623 1716 1624 1781 l

447 1876 549 1940 quum
582 1852 710 1916 videret
735 1852 807 1937 jam
840 1854 926 1915 inter
949 1849 1120 1915 Gallorum
1155 1861 1187 1915 et
1219 1851 1432 1937 Imperatoris
1464 1863 1565 1938 partes
1622 1925 1623 1930 η

448 1954 510 2037 ipsi
535 1950 740 2034 seligendum
766 1972 850 2031 esse,
883 1950 999 2013 foedus
1030 1971 1105 2013 oum
1132 1949 1249 2014 Carolo
1273 1951 1384 2015 Julius
1407 1950 1459 2014 Ill
1488 1953 1564 2029 iniit,
1622 1950 1625 2015 J

448 2061 492 2123 ut,
507 2071 672 2114 armorum
699 2050 732 2112 vi
757 2047 935 2114 Octavium
961 2048 1004 2112 ad
1027 2047 1281 2112 submissionem
1305 2048 1502 2132 redigerent,
1524 2057 1564 2110 at«

448 2170 511 2234 que
536 2170 613 2212 mox
639 2149 755 2233 copiae
778 2147 961 2227 Pontificis,
996 2146 1117 2232 quibus
1142 2147 1294 2210 Caesaris
1318 2146 1497 2210 auxiliares
1518 2169 1564 2209 ao

449 2246 621 2330 cedebant,
654 2245 778 2310 bellum
803 2267 879 2308 acre
904 2254 1017 2308 contra
1041 2243 1220 2310 Octavium
1246 2244 1445 2308 Farnesium
1469 2265 1563 2327 gesse*

448 2354 535 2409 runt.
582 2346 683 2409 Initio
716 2343 849 2407 demum
880 2344 959 2406 anni
986 2341 1072 2407 1552
1104 2341 1260 2405 induciae
1291 2342 1399 2405 factae
1424 2351 1499 2405 sunt
1525 2339 1562 2402 ad

450 2442 632 2524 biennium,
660 2465 699 2506 ao
723 2451 837 2526 postea
861 2441 1039 2504 concordia
1063 2442 1213 2503 restituta
1237 2448 1295 2503 est.
1623 2409 1625 2500 l

541 2551 592 2615 67.
643 2550 754 2630 Quum
787 2550 888 2631 igitur
921 2547 1043 2610 bellurn
1069 2546 1157 2610 istud
1182 2556 1332 2609 exortum
1358 2555 1454 2627 esset,
1485 2544 1562 2607 Hen‘
1623 2499 1628 2606 l

450 2671 539 2712 rrcus
562 2649 596 2713 Π
633 2647 897 2713 Contestotioacm
925 2646 1049 2708 Romae
1081 2643 1235 2708 exhibuit
1257 2643 1410 2706 Pontifici
1442 2651 1474 2706 et
1496 2642 1561 2704 Car
1626 2634 1627 2638 ’

450 2747 626 2829 dinalibus,
659 2748 693 2810 in
725 2769 790 2832 qua
820 2745 1036 2808 vehementer
1068 2744 1116 2807 de
1141 2742 1237 2806 modo
1270 2741 1391 2825 agendi
1416 2740 1497 2805 Julii
1518 2738 1561 2801 lll

449 2844 722 2930 conquerebatur.
771 2842 1010 2924 Contendebat,
1036 2844 1070 2904 in
1095 2864 1129 2906 re
1145 2841 1318 2905 Parmensi
1343 2861 1377 2902 se
1402 2838 1559 2901 Ecclesiae

449 2942 582 3007 utilitati
607 2943 809 3018 inserviissc,
835 2963 875 3004 ac
892 2942 1007 3004 merito
1026 2939 1251 3017 defensionem
1269 2937 1403 3002 Octavii
1428 2937 1559 3022 potuisse

449 3043 626 3126 suscipere.
674 3039 870 3104 Pontificem
904 3059 993 3118 vcro,
1034 3038 1129 3123 cnjus
1169 3058 1290 3099 munus
1328 3035 1446 3098 fuisset
1484 3034 1559 3095 rixas

448 3161 562 3203 omnes
594 3140 679 3202 inter
710 3138 879 3222 principes
905 3136 1102 3199 christianos
1136 3135 1347 3216 exstinguere
1371 3141 1430 3195 aut
1454 3141 1557 3214 tempe

448 3259 530 3316 rare,
555 3237 710 3301 maluisse
734 3234 858 3299 bellum
883 3236 980 3313 ciere,
1013 3256 1077 3319 quo
1101 3243 1170 3296 tota
1193 3252 1271 3295 mox
1297 3231 1431 3314 Europa
1456 3226 1556 3291 confla·

447 3344 565 3417 gatura
589 3345 668 3410 erat,
694 3335 868 3419 omnisque
892 3332 935 3396 ad
952 3331 1139 3396 Concilium
1163 3330 1273 3394 aditus
1297 3320 1555 3413 praecludendus.

448 3433 501 3496 Ex
526 3454 590 3518 quo
615 3443 737 3519 patere,
763 3455 822 3518 per
843 3452 965 3495 novam
982 3429 1109 3514 Synodi
1135 3427 1418 3506 convocationem,
1445 3424 1553 3487 univer-

448 3553 503 3595 sae
536 3530 740 3616 reipnblicae
780 3529 981 3594 christianae
1020 3527 1144 3591 bonum
1178 3544 1388 3610 nequaquam
1421 3517 1553 3607 spectari,

448 3630 506 3693 sed
531 3651 603 3692 eam
629 3651 671 3692 ex
694 3628 855 3714 peculiari
888 3648 963 3690 cum
996 3623 1197 3711 quibusdam
1229 3622 1449 3686 conventione
1472 3618 1554 3681 fuisse

448 3727 613 3808 habitam,
654 3749 793 3812 quorum
825 3729 956 3811 privato
988 3723 1160 3787 commodo
1193 3719 1348 3805 Synodus
1382 3717 1552 3788 deserviret,

524 3987 545 4055 ¹)
564 3987 665 4041 Eodem
685 3988 804 4053 tempore
823 3982 955 4037 Horatius
974 3980 1128 4045 FaraesiuS,
1148 3977 1256 4033 Octavii
1275 3975 1370 4042 frater,
1389 3976 1417 4028 in
1435 3970 1549 4054 matrina-

449 4069 524 4122 nium
551 4068 629 4120 duxit
649 4067 762 4119 Dianam
789 4062 901 4117 Henrici
921 4063 949 4114 Il
977 4061 1059 4114 filiam
1087 4060 1255 4125 naturalem,
1285 4055 1414 4110 Octavius
1441 4046 1549 4106 oonussblv

446 4149 559 4216 junctus
587 4153 647 4200 erat
674 4162 733 4200 cum
751 4143 906 4211 Margarita
933 4142 990 4195 filia
1017 4140 1137 4194 naturali
1157 4139 1246 4194 Caroli
1264 4138 1297 4203 V,
1325 4137 1371 4191 sed
1399 4128 1549 4188 nihilominus

449 4227 603 4282 simultates
621 4226 682 4279 illas
702 4225 818 4278 habebat
837 4239 896 4276 cum
915 4223 1089 4290 Imperatore.
