3020 4908
301 489 355 544 432
490 488 577 542 XLII.
614 489 654 543 De
672 493 749 542 statu
768 487 904 543 Ecclesiae
922 503 991 545 saec.
1010 487 1112 542 decimo
1132 495 1238 544 octavo.

303 642 336 696 ot
368 632 581 697 missionibus
613 631 797 696 seeundum
831 633 976 716 priscum
1011 653 1107 696 suum
1131 633 1326 695 Institutum
1360 653 1424 716 pcr-
1505 629 1506 678 l

303 730 483 813 durarunt,
517 731 717 794 connivente
750 729 809 793 Pio
843 730 913 808 VI,
949 751 1105 794 concessa
1138 730 1185 793 eis
1218 751 1307 794 anno
1343 730 1424 793 1778
1505 731 1506 782 3

302 829 459 894 facultate
490 826 694 913 suscipiendi
718 828 862 892 novitios
893 828 1037 912 datoque
1067 850 1155 892 anno
1182 829 1268 892 1782
1293 827 1425 892 Vicario

301 925 447 1012 generali
480 928 537 1013 qui
561 925 735 991 Societatis
767 927 900 1008 negotia
929 934 1067 991 curaret.
1115 927 1194 990 Pius
1218 926 1286 990 VII
1316 936 1424 990 antem

301 1047 389 1090 auno
422 1026 507 1089 1814
529 1022 731 1088 Societatem
760 1023 860 1105 Jesn,
894 1025 981 1088 votis
1014 1024 1114 1087 totius
1148 1023 1237 1088 orbis
1271 1023 1424 1088 catholici

301 1123 373 1209 ejus
396 1124 639 1187 restitutionem
663 1121 885 1185 desiderantis
905 1120 1092 1200 obsecutus,
1117 1123 1319 1186 instauravit
1333 1120 1427 1185 Bulla

301 1219 490 1285 Sollicitudo
515 1221 652 1284 onmium
675 1218 886 1284 ecclesiarum.

392 1327 443 1392 70.
490 1325 665 1391 Generalis
695 1324 859 1410 quaedam
892 1326 982 1390 notio
1013 1325 1135 1389 saeculi
1159 1325 1283 1389 XVIII
1314 1347 1359 1389 ex
1388 1327 1425 1388 iis

170 1472 208 1501 „0
233 1473 250 1502 „
301 1445 386 1510 quae
411 1425 626 1488 disseruimus
650 1422 760 1506 colligi
786 1433 901 1508 potest.
949 1424 1145 1487 Universim
1169 1421 1232 1487 hoc
1256 1423 1425 1487 soeculum

300 1521 471 1586 Ecclesiae
504 1522 615 1585 minus
648 1520 795 1584 faustum
829 1520 892 1584 fnit
926 1529 958 1585 et
991 1520 1214 1584 characterem
1248 1519 1426 1606 specialem

299 1621 363 1706 ipsi
394 1619 546 1684 tribuunt
576 1617 645 1682 fata
669 1615 811 1682 adversa
843 1639 928 1703 quae
952 1620 982 1682 ei
1007 1618 1063 1682 illa
1086 1628 1192 1682 aetate
1224 1617 1427 1682 acciderunt.

299 1717 576 1799 Rationalismus,
600 1716 913 1794 indifferentismns,
938 1715 1101 1798 deismus,
1132 1738 1171 1779 ac
1194 1715 1427 1802 pseudophilo-

299 1815 415 1901 sophia
439 1815 504 1880 late
524 1814 707 1880 dominium
726 1836 822 1878 suum
839 1825 1082 1900 propagarunt3
1108 1816 1277 1900 principes
1302 1836 1427 1878 eorum·

298 1934 363 1999 que
387 1914 530 1976 ministri
561 1909 622 1976 sub
647 1933 793 1975 errorum
824 1910 1070 1997 libidinumque
1095 1911 1226 1976 influxu
1259 1935 1427 1977 unacum

298 2010 479 2075 incredulis
494 2008 665 2074 Ecclesiae
690 2007 812 2073 bellum
838 2021 1033 2092 moverunt,
1058 2020 1091 2073 et
1114 2012 1269 2095 quamvis
1284 2010 1426 2075 Romani

297 2108 477 2173 Pontifices
506 2107 630 2193 aliique
660 2108 817 2193 permulti
848 2107 1016 2193 praesules
1048 2109 1179 2194 virique
1210 2108 1427 2173 ecclesiastici

297 2228 357 2292 pro
381 2204 510 2294 viribus
534 2205 728 2288 religionem
752 2215 940 2287 tuerentur,
972 2205 1108 2269 fuerunt
1129 2215 1242 2270 tamen
1267 2206 1371 2270 etiam
1395 2209 1426 2269 in

297 2306 372 2368 sinu
396 2302 567 2368 Ecclesiae
598 2304 679 2382 viri,
711 2305 768 2388 qui
798 2303 921 2368 saeculi
952 2303 1041 2367 illius
1072 2303 1252 2368 tendentiis
1283 2306 1426 2369 nimium

298 2402 453 2467 cedentes
477 2402 610 2466 conficti
633 2423 826 2487 progressus
850 2403 960 2486 specie
982 2401 1208 2466 illudebantur
1231 2412 1265 2465 et
1289 2405 1426 2468 innova·

297 2499 444 2563 tionibus
467 2500 662 2585 perniciosis
686 2498 872 2563 inhiabant.
912 2499 1050 2563 Interim
1074 2521 1140 2564 non
1164 2499 1344 2584 religiosae
1360 2511 1426 2566 tan·

297 2607 378 2680 tum,
404 2597 462 2662 sed
486 2597 595 2662 civilis
626 2619 757 2684 quoque
781 2598 1061 2682 independentiae
1084 2600 1236 2684 prurigo,
1262 2598 1422 2663 libertatis

296 2717 398 2778 amor,
424 2697 571 2782 novique
596 2696 769 2779 regiminis
794 2695 916 2781 cupido
940 2695 1090 2760 diversas
1114 2696 1288 2761 hominum
1305 2696 1424 2762 classes

297 2794 502 2859 invaserunt.
548 2793 693 2857 Domum
717 2793 882 2877 generalis
905 2816 1014 2858 rerum
1040 2794 1256 2878 conflagratio
1281 2818 1301 2858 a
1325 2796 1426 2861 multo

292 2891 364 2976 jam
389 2901 537 2977 tempore
561 2900 760 2977 praeparata
784 2893 901 2976 erupit.
950 2891 1077 2956 Eadem
1102 2893 1294 2978 principum
1317 2892 1428 2957 throni

297 2991 405 3052 eversi
430 2999 523 3072 sunt,
557 2992 763 3075 societasque
788 2989 898 3054 civilis
922 2991 1103 3074 impietatis
1126 3000 1159 3054 ct
1182 2989 1429 3056 incredulitatis

297 3108 421 3171 poenas
452 3086 523 3154 luit.
571 3086 723 3151 Ecclesia
754 3109 833 3151 vero
865 3090 1019 3174 quamvis
1051 3088 1342 3174 persecutionibus
1375 3111 1428 3152 ex·

297 3185 439 3268 agitata,
472 3194 584 3249 tamen
615 3185 780 3270 intrepide
812 3205 906 3250 suam
946 3197 1121 3272 prosecuta
1152 3196 1202 3250 est
1233 3187 1428 3251 missionem

297 3281 467 3364 divinam,
500 3293 599 3369 atque
625 3283 705 3347 dum
727 3304 905 3368 regnorum
930 3286 1164 3348 cenationum
1189 3285 1278 3348 vidit
1300 3287 1428 3364 ruinas,

296 3380 400 3443 variis
432 3381 548 3444 naevis
571 3381 764 3465 purificata,
797 3379 940 3466 Spiritus
964 3381 1077 3447 Sancti
1102 3403 1181 3445 vero
1206 3384 1331 3446 virtute
1362 3383 1428 3447 suf-

296 3475 390 3558 fulta,
415 3476 609 3562 ampliorem
634 3479 734 3542 etiam
758 3480 939 3563 acquisivit
961 3481 1208 3562 extensionem,
1234 3481 1427 3566 majoreque

296 3574 388 3639 fulsit
410 3574 529 3639 decore
553 3585 652 3661 atque
677 3575 861 3661 splendore.

388 3682 439 3748 71.
486 3683 605 3746 Finem
630 3683 703 3769 jam
735 3705 794 3768 pro
819 3693 967 3768 tempore
999 3684 1203 3768 imponimus
1234 3683 1327 3748 hisce
1350 3685 1426 3748 Dis·

296 3779 521 3843 certationibus
545 3771 666 3845 aeleo'tia
696 3783 731 3845 ia
754 3781 918 3845 littorium
942 3781 1193 3846 ecclesiasticam.
1244 3781 1340 3862 Quae
1372 3783 1426 3845 iis-

296 3877 372 3941 dem
397 3880 586 3943 accuratius
610 3879 830 3964 expendimus
855 3881 984 3965 capita,
1017 3901 1137 3964 magna
1163 3891 1323 3967 exparte
1353 3902 1424 3966 per·

295 3976 404 4039 tinent
426 3976 469 4040 ad
488 3977 714 4041 Romanorum
730 3977 932 4041 Pontificum
956 3987 1058 4061 gesta,
1085 3978 1282 4061 doctrinam,
1307 3978 1422 4062 guber·

370 4181 390 4250 ¹)
410 4179 466 4236 Cir.
485 4180 634 4249 Ravignan
652 4181 670 4238 1.
689 4197 709 4235 a
730 4181 812 4249 Chap.
826 4181 860 4235 X.
879 4196 935 4248 sqq.
955 4211 988 4221 -
1008 4180 1142 4246 Vascotti‚
1162 4181 1256 4239 Instit.
1275 4181 1339 4239 hist.
1358 4179 1419 4234 ecci.

295 4259 327 4318 Τ.
347 4260 382 4318 ΙΙ,
403 4278 428 4330 p.
448 4261 501 4314 355
520 4276 576 4328 sqq.
597 4261 721 4317 Goritiae
741 4263 819 4317 1872.
