3020 4908
295 464 350 520 428
484 462 571 520 XLIL
608 463 648 518 De
665 470 743 518 statu
761 461 899 516 Eoelesiu
916 475 986 518 saec.
1005 461 1110 516 decimo
1129 466 1235 516 octavo.

296 606 539 692 archiepiscopi
555 605 738 672 Florentini
755 628 784 672 a.
806 605 891 670 1799
907 614 1097 668 reverenter
1112 606 1269 690 suscepit.
1300 603 1421 684 Quum·

297 727 362 792 que
385 706 465 770 Pius
489 703 555 770 VII
579 727 608 768 a.
636 703 722 768 1805
754 725 797 768 ex
821 700 931 768 Gallia
955 702 1061 766 redux
1085 702 1274 768 Florentiae
1297 701 1423 788 aliquot

298 802 416 868 diebus
438 811 631 882 moraretur,
654 802 725 886 ipse
741 800 894 864 Riccium
909 802 1044 864 veniam
1061 800 1297 886 deprecantem
1313 799 1423 864 Eccle

297 901 366 966 siae
387 901 484 986 plene
498 898 738 964 reconciliavit.
778 898 928 963 Mortuus
943 907 992 962 est
1007 897 1119 984 Scipio
1136 898 1230 963 Ricci
1246 921 1278 963 a.
1297 897 1422 978 1810.¹)

133 1027 280 1130 {mffitssfm
387 1023 439 1090 65.
487 1023 676 1112 Suppressio
701 1023 870 1089 Societotia
893 1025 974 1089 Jasc
1004 1034 1144 1088 eventus
1173 1024 1238 1088 fuit
1269 1045 1330 1108 pro
1356 1024 1424 1086 uni-

150 1100 173 1130 e⁸
224 1101 281 1130 Μ’
297 1145 394 1187 versa
417 1122 569 1187 Ecclesia
600 1124 684 1187 tanti
708 1123 885 1205 momenti,
921 1131 959 1186 ut
981 1144 1040 1208 pro
1070 1122 1232 1206 dignitate
1255 1123 1304 1186 rei
1336 1121 1424 1185 istud

297 1220 421 1285 factum
438 1221 571 1285 nonnisi
586 1220 746 1306 peculiari
765 1221 994 1286 dissertatione
1010 1222 1145 1285 tractari
1162 1223 1273 1306 possit.
1303 1220 1425 1284 Paucis

291 1318 364 1404 jam
396 1320 568 1382 innuimus
592 1319 721 1404 aliquas
753 1341 888 1402 causas,
925 1341 968 1382 cx
992 1317 1202 1405 quibus-illa
1233 1317 1424 1404 suppressio

296 1419 503 1502 provenerit3
535 1417 591 1481 hic
613 1415 712 1481 nobis
735 1417 896 1500 sufficiet,
929 1428 969 1500 ut,
989 1416 1215 1503 compleamus
1247 1416 1338 1480 banc
1363 1413 1424 1478 dis-

297 1516 526 1597 sertationem,
557 1514 646 1580 facta
670 1516 852 1600 praecipua
876 1513 1025 1578 indicare
1056 1537 1141 1601 quae
1165 1514 1207 1579 ad
1238 1513 1303 1579 hoc
1329 1534 1426 1598 nego·

296 1614 379 1676 tium
415 1613 591 1697 pertinent.
640 1611 751 1693 Quum
788 1611 936 1677 Societas
968 1613 1049 1678 Jesu
1086 1612 1253 1694 doctrina,
1291 1612 1424 1696 pietate,
1506 1599 1507 1644 ³

296 1709 466 1774 laboribus
491 1708 748 1795 multiplicibus,
784 1710 914 1774 influxu
947 1712 982 1774 in
1007 1712 1199 1776 societatem
1224 1708 1425 1774 catholicam

296 1806 477 1871 admodum
501 1806 642 1886 floreret,
666 1829 707 1871 ac
731 1806 772 1871 de
785 1806 938 1872 Ecclesia
962 1809 1085 1893 optime
1109 1816 1259 1891 mereret,
1281 1808 1424 1872 Romani

297 1904 474 1969 Pontifices
483 1903 641 1969 Societati
658 1904 834 1990 privilegia
844 1904 1049 1990 amplissima
1061 1904 1173 1991 largiti
1183 1915 1271 1970 suut.
1296 1907 1425 1968 Verum

296 2011 430 2088 propter
461 2004 578 2067 merita
609 2003 643 2066 in
675 2001 868 2087 religionem
902 2012 935 2067 et
957 2003 1145 2068 Ecclesiam
1170 2002 1321 2068 Societas
1345 2002 1425 2068 Jesu

297 2122 425 2164 summo
447 2101 524 2165 odio
546 2110 616 2164 erat
641 2102 770 2164 cunctis
794 2100 1021 2182 novatoribus,
1046 2099 1324 2181 Protestantibus,
1350 2101 1426 2165 Jau·
1507 2183 1508 2192 ἵ

296 2200 427 2263 senistis
459 2209 491 2262 et
524 2198 722 2281 incredulis,
758 2201 815 2285 qui
849 2221 962 2263 omues
995 2201 1031 2263 in
1060 2199 1132 2284 ejus
1164 2199 1425 2263 destructionem

297 2300 538 2384 conspirarunt.
586 2296 651 2362 Sed
676 2300 790 2362 variae
815 2299 915 2363 etiam
940 2297 1123 2362 simultates
1146 2306 1179 2361 et
1202 2296 1426 2361 dissensiones

296 2394 406 2482 quoad
431 2393 629 2460 Societatem
654 2397 688 2460 in
714 2395 787 2460 aliis
812 2394 996 2461 Ordinibus
1020 2395 1183 2480 religiosis
1211 2405 1244 2459 et
1268 2397 1303 2458 in
1331 2393 1425 2459 Clero

297 2493 459 2559 saeculari
485 2494 621 2558 obortae
646 2505 749 2577 erant,
774 2504 874 2580 atque
898 2495 984 2557 inter
1004 2491 1216 2575 Cardinales,
1241 2493 1424 2572 Praesules,
1508 2499 1509 2512 ¹

295 2590 545 2673 ecclesiasticos,
560 2592 738 2676 religiosos
760 2591 1027 2672 inveniebantur,
1052 2589 1421 2677 quiparumSocietati
1508 2583 1509 2616 ³

296 2689 473 2771 favebant,
509 2691 575 2754 imo
608 2690 638 2754 ei
668 2689 900 2754 vehementius
931 2687 1236 2770 obversabantur.¹)
1284 2688 1425 2753 Saeculo

296 2787 407 2873 elapso
433 2790 494 2873 ipsi
519 2810 614 2872 reges
646 2797 679 2851 et
701 2789 870 2873 principes
894 2786 1048 2851 catholici
1072 2810 1093 2852 a
1117 2788 1185 2850 suis
1208 2788 1375 2850 ministris
1398 2794 1429 2849 et
1508 2803 1509 2808 ’

296 2885 493 2950 consiliariis
524 2885 678 2949 fascinati
710 2885 855 2950 hostium
898 2885 1036 2950 consilia
1067 2885 1229 2966 inierunt,
1266 2907 1380 2971 neque
1409 2907 1428 2947 a

296 2984 462 3069 proposito
487 2983 692 3066 destiterunt,
718 2983 825 3048 donec
849 2985 883 3048 in
907 2985 1019 3069 regnis
1043 2984 1111 3047 suis
1128 2983 1332 3048 Societatem
1346 2983 1428 3048 lesu

295 3080 549 3146 destruxissent.

385 3180 441 3245 66.·
485 3178 735 3264 Suppressionis
765 3179 899 3243 initium
936 3179 1062 3243 factum
1095 3187 1144 3242 est
1173 3180 1209 3242 in
1241 3179 1427 3256 Lusitania,

295 3277 354 3342 ubi
377 3279 465 3361 regis
489 3276 608 3341 debilis
631 3275 803 3362 JosephiI
826 3277 1024 3340 administer
1045 3275 1263 3342 Sebastianus
1289 3275 1333 3341 de
1350 3275 1427 3341 Oar-

295 3375 395 3439 valho
427 3374 574 3439 marchio
606 3374 648 3438 de
670 3374 810 3438 Pombal
834 3376 1008 3459 tyrannice
1041 3373 1278 3438 dominabatur
1308 3397 1350 3439 ac
1373 3375 1427 3440 Je-

296 3475 398 3538 suitas
422 3472 560 3559 perdere
584 3472 749 3537 studebat.
796 3474 836 3537 In
865 3472 956 3537 hunc
977 3474 1079 3537 ¹fintrm
1103 3472 1234 3538 libellos
1258 3474 1294 3537 in
1318 3471 1425 3559 publi-

296 3593 372 3635 cum
403 3570 671 3635 disseminandos
694 3573 842 3653 curavit,
875 3574 908 3636 in
934 3572 1055 3658 quibus
1078 3571 1229 3636 Jesuitae
1260 3573 1426 3657 pessimae

296 3667 466 3733 doctrinae
489 3679 560 3732 tum
585 3679 700 3732 contra
721 3690 828 3734 mores
852 3679 923 3733 tum
948 3681 1063 3735 contra
1084 3671 1263 3754 personam
1288 3671 1425 3755 regiam,

296 3778 328 3829 ct
351 3765 543 3830 ambitionis
566 3765 821 3832 accusabantur.
869 3767 982 3848 Quum
1006 3767 1198 3833 ann01750
1222 3768 1425 3853 gubernium

371 4005 391 4073 ¹)
410 4004 466 4061 Gir.
485 4006 615 4061 Wouters
633 4005 668 4059 Η.
687 4005 719 4062 Ε.
738 4005 769 4060 Τ.
789 4005 840 4060 111.
860 4022 886 4074 p.
905 4006 959 4060 310
977 4021 1034 4073 sqq.

369 4084 390 4148 ²)
410 4083 465 4139 Ofr.
485 4085 706 4140 Commentarios·
724 4085 794 4140 Juiii
812 4085 933 4140 (tardare
960 4086 986 4143 S.
1005 4086 1031 4140 J.
1049 4087 1095 4140 ¹ud
1122 4101 1208 4140 annos
1239 4087 1422 4150 1740-1743,

296 4181 339 4233 ap.
358 4163 513 4234 Dellinger‚
542 4165 673 4234 Beitrtge
700 4181 750 4220 zur
767 4165 943 4234 politischen‚
972 4165 1137 4220 kirchlichen
1165 4166 1223 4220 und
1240 4166 1420 4222 Uoltur-Ge·

295 4243 414 4299 echichte
432 4245 480 4299 der
497 4244 601 4300 letaten
619 4244 832 4306 Jabrhunderta‚
850 4259 877 4314 p.
896 4248 913 4300 3
931 4260 988 4312 sqq.
1008 4245 1089 4302 Wien
1109 4247 1189 4304 1882.
