2964 4912
345 470 386 524 De
403 467 580 524 Pontificibus
599 465 699 523 saeculi
718 467 822 525 XVIII.
1091 466 1144 522 383

43 625 70 678 et
97 617 178 700 regis
211 612 380 695 catholici,
416 633 456 676 ac
487 610 632 698 plurium
657 609 884 675 Cardinalium
917 611 1025 675 factae
1058 619 1143 676 sunt.

42 713 86 776 Ac
106 713 255 777 Pontifex
285 709 483 796 simulatque
507 709 609 792 vidit,
645 731 712 773 non
735 711 789 792 agi
822 718 951 773 tantum
982 709 1146 773 derebus
1202 747 1205 754 ·

41 811 180 895 politicis,
204 812 251 874 uti
276 808 338 873 sibi
363 830 557 895 persuasum
580 806 752 889 habuerat,
778 806 835 871 sed
859 827 929 871 rem
949 806 1144 870 catholicam

41 911 70 971 in
91 908 266 973 Germania
289 906 486 993 periclitari,
522 927 595 970 eam
620 906 703 969 tueri
736 926 795 990 pro
820 906 948 969 viribus
972 906 1063 968 nisus
1087 913 1145 986 est,

39 1007 280 1092 praevaluerant
293 1016 404 1071 tamen
420 1025 619 1089 magnopere
636 1003 817 1067 adversarii
832 1003 1053 1088 imperatoris,
1070 1002 1145 1066 Pro-

39 1114 192 1184 testantes.

117 1203 145 1267 8.
194 1200 336 1282 Quando
376 1200 512 1264 demum
552 1209 626 1284 post
657 1197 781 1262 bellum
813 1200 951 1282 triginta
982 1220 1145 1264 annorum
1169 1197 1306 1302 piam

34 1323 97 1384 pac
125 1296 338 1388 Weetplralicc
361 1297 516 1362 conclusa
540 1308 590 1360 est
614 1301 657 1379 (a.
682 1297 789 1380 1648),
814 1319 881 1362 non
905 1299 1027 1383 exigua
1050 1297 1147 1361 detri-
1187 1275 1201 1312 p
1229 1271 1284 1310 Μ’

40 1406 138 1462 menta
171 1397 353 1462 catholicae
385 1398 433 1459 rei
467 1395 577 1459 illatae
610 1405 696 1459 sunt.
743 1396 912 1480 Imprimis
944 1418 1012 1481 pax
1035 1395 1147 1479 Augu·

39 1505 137 1578 staua,
170 1518 270 1582 quam
295 1518 324 1559 a.
352 1494 437 1560 1555
463 1492 600 1558 Carolus
622 1493 653 1556 V
678 1515 755 1556 cum
779 1492 1043 1558 Protestantibus
1075 1516 1150 1558 con·

38 1592 121 1672 fecit,
157 1593 351 1658 confirmata
385 1601 434 1655 cst
465 1604 498 1654 et
529 1591 572 1654 ad
602 1590 804 1656 Calvinistas
837 1613 967 1677 quoque
1001 1603 1147 1675 extensa,

39 1699 126 1775 atque
156 1694 190 1756 in
223 1693 416 1755 universum
441 1689 590 1776 perfecta
624 1688 870 1768 Catholicorum,
901 1690 1149 1755 Lutberareoram

39 1799 64 1850 et
87 1786 331 1854 Calcicietcrum
355 1788 552 1874 aequalitas,
576 1797 646 1851 tum
672 1789 706 1851 in
730 1787 900 1871 religionis
924 1790 1054 1872 negotio
1078 1798 1149 1852 tum

39 1886 67 1948 in
96 1888 192 1951 rebus
216 1887 361 1973 politicis
394 1896 426 1949 et
455 1885 610 1950 civilibus
644 1885 785 1950 decreta.
834 1883 1056 1950 Constitutum
1091 1896 1148 1969 est,

39 1993 69 2046 ut
98 1987 130 2049 in
163 1984 319 2049 omnibus
352 1985 433 2048 locis
471 1995 565 2049 extra
597 1994 701 2047 terras
737 1983 931 2048 Austriacas
963 2006 1002 2048 ea
1034 1983 1149 2067 religio

39 2081 198 2164 publicum
237 2084 432 2147 exercitium
474 2091 701 2164 conservaret,
737 2104 822 2167 quae
861 2080 943 2144 illud
980 2081 1150 2146 obtinebat

41 2179 85 2243 die
117 2182 151 2243 1⁰
177 2181 333 2248 Januarii
364 2203 393 2246 a.
427 2180 530 2262 1624,
569 2190 671 2265 utque
709 2201 823 2243 omnes
852 2179 1028 2263 ecclesiae,
1067 2183 1149 2265 epis·

41 2286 174 2362 topatus,
200 2279 372 2359 abbatiae,
398 2276 552 2363 capitula,
579 2276 734 2362 collegia,
759 2279 958 2342 monasteria
983 2301 1059 2341 cum
1083 2280 1150 2341 suis

37 2373 155 2457 juribus
179 2386 213 2440 et
236 2376 348 2457 bonis,
380 2385 488 2438 essent
512 2397 641 2457 eorum,
675 2377 745 2438 sive
768 2375 1043 2457 Protestantium,
1080 2377 1150 2440 sive

41 2471 293 2556 Catholicorum,
327 2473 417 2558 apud
440 2495 522 2559 quos
546 2482 640 2537 erant
663 2473 779 2537 eadem
804 2472 858 2536 die
884 2473 920 2536 1⁰
942 2474 1095 2538 Ianuarii
1119 2495 1148 2537 a.

42 2570 126 2636 1624.
173 2572 214 2636 In
239 2571 387 2635 ecclesiis
410 2580 443 2634 et
467 2571 620 2656 capitulis
637 2572 760 2653 mixtis,
785 2572 820 2635 in
844 2571 965 2657 quibus
989 2570 1046 2635 alii
1063 2580 1149 2635 vete·

39 2689 115 2750 rem,
151 2669 208 2734 alii
243 2690 365 2732 novam
397 2669 592 2754 religionem
625 2669 881 2754 profitebantur,
918 2669 1069 2734 decretus
1103 2679 1152 2733 est

39 2769 175 2852 aequalis
213 2765 396 2831 titularium
439 2777 471 2831 et
506 2769 741 2831 canonicorum
776 2768 948 2854 utriusque
982 2767 1150 2853 religionis

38 2884 195 2930 numerus.
243 2864 419 2928 Praeterea
451 2864 772 2950 compensandorum
797 2875 988 2950 sumptuum
1021 2865 1151 2930 bellico-

38 2981 102 3024 rum
126 2985 238 3045 causa,
262 2962 374 3048 plures
398 2964 608 3049 episcopatus
633 2985 708 3026 cum
733 2962 876 3026 abbatiis
900 2964 934 3026 in
954 2963 1095 3028 ducatus
1120 2973 1153 3028 et

38 3060 235 3147 principatus
267 3062 452 3126 saeculares
486 3063 636 3126 conversi
672 3071 704 3125 et
736 3061 945 3147 principibus
977 3061 1151 3126 haereticis

38 3163 176 3224 concessi
202 3169 288 3224 sunt.
338 3159 404 3240 Qui
421 3161 588 3245 principes
611 3158 781 3244 religionis
798 3158 980 3224 catholicae
997 3159 1152 3244 reliquias

38 3254 151 3321 inillis
176 3259 272 3322 terris
289 3260 481 3343 superstites
508 3259 600 3321 brevi
624 3267 772 3343 tempore
788 3257 991 3323 deleverunt.
1031 3256 1152 3337 Quam·

38 3354 82 3416 vis
104 3350 472 3441 Nuntius'pontificius
496 3356 622 3420 Fabius
647 3353 744 3439 Chigi
776 3357 917 3440 negotiis
947 3355 1039 3440 pacis
1069 3364 1152 3419 trac·

37 3451 138 3516 tendis
162 3453 310 3535 adesset,
341 3462 453 3516 tamen
476 3453 645 3538 religionis
669 3452 851 3517 catholicae
876 3453 1058 3518 commodis
1081 3476 1152 3539 pro-

38 3547 143 3613 videre
168 3573 235 3615 non
258 3552 375 3637 potuit.
422 3551 637 3614 Innocentius
661 3552 704 3634 X,
729 3553 787 3637 qui
810 3551 947 3616 Urbano
971 3552 1059 3616 VIII
1083 3573 1153 3615 suc·

38 3657 183 3727 cesserat,
209 3658 323 3713 contra
346 3650 438 3733 pacis
462 3648 668 3713 conditiones
693 3651 809 3714 merito
833 3649 1041 3731 reclamavit,
1067 3671 1152 3713 eam·

37 3762 94 3825 que
118 3744 160 3808 ad
185 3755 390 3831 posterorum
412 3748 605 3811 memoriam
630 3746 718 3811 edito
744 3747 923 3834 diplomate
940 3747 1152 3832 improbavit.

36 3836 269 3907 Verumtamen
293 3866 360 3930 pax
384 3844 617 3930 Westphalica
640 3856 773 3932 recepta
797 3855 855 3928 est,
883 3855 915 3909 et
938 3845 1094 3931 deinceps
1118 3847 1153 3909 in

38 3940 185 4004 societate
217 3942 392 4027 Europaea
419 3944 476 4029 jus
508 3941 680 4028 publicum
714 3967 772 4008 seu
805 3953 948 4028 systema
981 3942 1153 4030 politicum

39 4039 212 4104 constituit.

120 4136 150 4202 9.
197 4136 387 4202 Auctoritas
411 4138 582 4224 pontificia
614 4139 750 4223 ejusque
775 4137 922 4202 influxus
952 4140 988 4202 in
1019 4141 1153 4203 societa-

38 4235 99 4294 tem
122 4255 182 4318 per
195 4233 256 4298 hos
272 4244 411 4299 eventus
433 4235 598 4299 diminuta
615 4244 708 4318 sunt3
732 4234 991 4301 Protestantium
1006 4239 1154 4322 potentia
