3288 4900
339 584 468 623 Protesten-

327 648 385 686 tium
399 652 475 696 postu-

374 710 428 750 lata.

491 437 544 492 118
812 434 969 490 XXXVIII.
988 435 1029 488 De
1047 434 1165 488 Concilio
1184 433 1350 488 Tridentino.

493 581 531 644 2⁰
547 581 593 645 llt
608 580 766 644 discussio
783 578 995 643 articulorum
1021 587 1291 662 praeparatorum
1308 577 1496 642 differretur
1510 602 1604 665 usqne

493 678 536 741 ad
560 677 742 741 adventum
766 675 993 761 theologorum
1016 677 1279 760 protestantium.
1325 676 1365 739 3⁰
1394 676 1439 740 Ut
1463 679 1604 740 cumbis

491 775 652 859 theologis
676 776 775 837 etiem
800 774 979 858 disputatio
996 775 1137 836 iniretur
1160 773 1201 835 de
1217 775 1257 836 iis
1272 773 1429 853 articulis,
1456 777 1514 860 qui
1531 775 1600 839 Con·

488 874 624 937 fessioni
644 873 860 956 Augustanus
884 873 1041 935 contrarii
1057 892 1201 956 eousque
1218 893 1238 933 a
1251 869 1399 935 Concilio
1416 873 1601 936 Tridentino

489 972 617 1036 definiti
641 980 743 1036 erant.
784 971 823 1034 4⁰
843 970 893 1034 Ut
916 969 1071 1033 Pontifex
1094 969 1263 1033 Romanus
1287 992 1395 1056 neque
1419 992 1478 1055 per
1505 994 1539 1035 se
1560 995 1599 1035 ne-

488 1092 552 1155 que
576 1092 634 1155 per
656 1068 781 1151 legatos
799 1067 947 1132 Oonoilio
974 1066 1184 1151 praesideret,
1209 1067 1264 1130 sed
1283 1077 1412 1131 tantum
1437 1071 1485 1132 uti
1505 1072 1600 1155 quivis

488 1168 571 1232 alius
595 1170 770 1253 episcopus
794 1165 846 1229 vel
872 1188 986 1251 perse
1012 1164 1065 1228 vel
1088 1187 1148 1250 per
1171 1164 1295 1248 legatos
1320 1166 1459 1231 adesset.
1511 1168 1547 1232 5⁰
1567 1167 1601 1231 Ut

488 1267 644 1331 Pontifex
667 1265 809 1329 solveret
832 1265 1005 1349 episcopos
1025 1264 1215 1347 juramento
1241 1263 1303 1326 sibi
1320 1265 1489 1348 praestito,
1518 1268 1601 1328 sicut

488 1365 551 1449 ipsi
574 1362 678 1427 libere
703 1363 859 1445 suffragia
883 1384 942 1424 sua
966 1361 1050 1424 ferre
1074 1371 1216 1445 possent.
1246 1360 1480 1426 Provocabant
1507 1376 1600 1427 auten

488 1463 530 1525 ad
556 1461 687 1525 decreta
713 1457 975 1524 Constantiensis
1009 1469 1041 1522 et
1064 1458 1263 1523 Basileensis
1288 1458 1426 1543 Synodi,
1459 1463 1550 1546 quod
1576 1464 1601 1523 in

488 1561 596 1623 causis
621 1559 697 1622 fidei
724 1557 911 1621 Concilium
936 1567 1022 1620 esset
1046 1579 1145 1641 super
1160 1557 1365 1638 Pontificem,
1391 1581 1430 1620 ac
1447 1559 1600 1638 volebant,

488 1667 525 1720 ut
556 1657 589 1720 id
623 1659 724 1719 etiam
756 1679 775 1719 a
804 1654 959 1719 Patribus
983 1654 1189 1718 Tridentinis
1221 1655 1452 1722 declararetur.
1504 1658 1542 1721 6⁰
1569 1658 1599 1720 Ut

488 1754 632 1838 theologi
655 1754 915 1817 Protestantium
948 1773 1052 1837 aeque
1077 1774 1116 1815 ac
1140 1755 1287 1837 episcopi
1311 1763 1427 1818 votum
1453 1756 1597 1820 consulte-

488 1855 595 1916 tivum
620 1861 652 1915 et
676 1851 886 1914 definitivum
911 1853 944 1914 in
970 1849 1105 1934 Synodo
1137 1849 1308 1916 haberent.
1358 1853 1394 1916 70
1428 1853 1474 1918 Ut
1507 1856 1601 1917 omnia

488 1959 618 2013 tantum
658 1950 891 2013 dirimerentur
926 1953 1025 2036 juncta
1061 1949 1246 2033 Scripturas
1284 1972 1395 2014 sacras
1431 1962 1464 2015 et
1505 1936 1602 2016 fideles

489 2071 601 2113 earum
635 2050 932 2133 interpretationes.
980 2047 1017 2111 8⁰
1049 2046 1094 2110 Ut
1118 2047 1273 2130 Synodus
1303 2050 1511 2132 permitteret
1539 2049 1602 2112 inde

489 2146 531 2210 ab
556 2149 650 2210 initio
674 2145 852 2209 loctionem
870 2144 1094 2208 Confessionis
1111 2144 1378 2210 Protestantium.
1411 2147 1451 2210 9⁰
1476 2148 1522 2212 Ut
1540 2148 1604 2209 Pro—

488 2245 686 2308 testantibus
709 2244 907 2307 Tridentum
939 2241 1151 2307 venientibus
1182 2245 1387 2326 permitteret
1418 2248 1601 2309 exercitium
1642 2273 1643 2280 .

489 2342 597 2407 cultus
621 2345 671 2406 sui
696 2343 731 2404 in
746 2341 900 2405 domibus
923 2343 1073 2426 privatis.
1098 2379 1142 2387 -
1165 2340 1315 2405 Evidens
1340 2352 1389 2405 est
1412 2343 1556 2427 plurima
1576 2347 1601 2405 in

488 2440 540 2504 his
574 2441 685 2520 fuisse,
724 2461 809 2524 quae
841 2460 915 2501 cum
949 2437 1060 2502 indole
1092 2436 1233 2502 Concilii
1273 2442 1482 2504 oecumenici
1518 2440 1605 2525 plane
1638 2469 1640 2494 τ

489 2549 640 2625 pugnant
663 2561 702 2601 ac
726 2537 815 2601 nullo
841 2537 938 2600 modo
962 2535 1138 2600 haereticis
1162 2536 1298 2600 concedi
1325 2547 1490 2621 poterant.

484 2663 486 2665 ¹
581 2639 632 2700 74.
678 2637 793 2700 Patres
822 2645 934 2698 tamen
966 2656 1087 2718 magna
1118 2656 1192 2696 cum
1225 2633 1433 2717 benignitate
1462 2635 1605 2702 Oratores
1639 2643 1640 2652 ’

488 2736 746 2799 Protestantium
770 2742 1016 2814 tractaverunt,
1040 2753 1082 2795 ne
1113 2734 1224 2796 irritus
1247 2733 1329 2796 forte
1358 2735 1504 2818 agitatae
1526 2747 1602 2819 opta·

488 2843 608 2918 taeque
633 2832 829 2896 concordiae
854 2833 964 2894 exitus
987 2829 1131 2894 adscribi
1157 2841 1265 2914 posset
1289 2829 1533 2896 Catholicorum
1557 2854 1603 2916 po·

488 2934 554 2994 tius
578 2933 758 3015 asperitati,
791 2951 889 3013 quarn
922 2928 1163 2991 haereticorum
1197 2928 1413 3013 improbitati.
1461 2931 1600 2993 Pontifex

490 3031 682 3115 injunxerat
705 3026 929 3106 Praesidibus,
954 3034 1090 3090 utente
1113 3025 1229 3089 habita
1253 3027 1419 3110 majestati
1445 3027 1600 3105 charitate,

490 3127 689 3190 devorarent
712 3125 874 3211 quidquid
900 3148 919 3188 a
943 3125 1208 3188 Protestantibus
1233 3125 1429 3190 insolentius
1454 3139 1596 3212 ageretur,

490 3234 522 3288 et
545 3225 588 3288 ad
613 3225 723 3288 omnia
740 3245 854 3286 eorum
871 3222 1044 3308 postulata,
1071 3225 1131 3286 etsi
1149 3225 1258 3287 minus
1275 3227 1521 3307 convenientia,
1542 3243 1595 3286 sese

489 3323 670 3402 flecterent,
695 3321 875 3385 dummodo
900 3321 934 3385 id
959 3323 1030 3384 sine
1049 3321 1181 3406 jactura
1204 3321 1373 3405 religionis
1398 3331 1431 3385 et
1447 3323 1592 3388 Ecclesiae

490 3421 561 3484 fieri
586 3430 708 3506 posset3
741 3441 913 3504 nunquam
937 3421 1066 3505 parenti
1091 3441 1161 3482 esse
1186 3420 1340 3484 dedecori
1364 3421 1530 3485 insaniam
1549 3417 1591 3481 filii

489 3518 638 3599 tolerare,
670 3541 734 3603 quo
759 3505 893 3597 revocet
917 3517 960 3581 ad
985 3539 1099 3581 sanam
1132 3527 1286 3581 mentem.
1334 3517 1483 3582 Admissi
1515 3519 1597 3600 igitur

490 3627 567 3679 sunt
590 3616 744 3681 Oratores
767 3616 1024 3679 Protestantium
1054 3617 1107 3678 die
1131 3615 1192 3678 24⁰
1215 3615 1368 3680 Januarii
1400 3617 1508 3701 pridie
1534 3624 1595 3678 ante

490 3716 669 3778 sessionem
695 3713 874 3777 solemnem
907 3716 942 3777 in
968 3711 1232 3796 Congregatione
1263 3715 1421 3797 generali,
1454 3714 1510 3779 ubi
1531 3711 1594 3798 peti-

490 3813 596 3875 tiones
620 3834 696 3875 suas
720 3822 954 3896 exposuerunt.
1001 3813 1171 3875 Postremo
1196 3822 1306 3876 autem
1330 3812 1403 3876 loco
1428 3836 1483 3879 eas
1505 3808 1594 3875 divini

490 3909 640 3994 obsequii
665 3909 887 3995 publicaeque
900 3909 1014 3973 salutis
1032 3912 1287 3974 contestationes
1302 3910 1503 3995 adjecerunt,
1525 3926 1595 3992 qnae

491 4017 568 4070 sunt
597 4006 761 4070 vocabula
793 4010 982 4072 communia
1014 4009 1199 4091 ingentium
1240 4006 1403 4071 malorum
1442 4028 1536 4092 aeque
1560 4022 1593 4063 ac

490 4105 653 4168 bonorum
684 4105 884 4172 auctoribus.
940 4106 1095 4168 Dimissis
1130 4104 1326 4170 Oratoribus
1357 4105 1591 4170 Protestantium

491 4211 684 4266 manserunt
699 4202 814 4266 Patres
838 4206 872 4266 in
897 4225 1051 4268 consessu
1077 4225 1152 4266 cum
1178 4201 1329 4268 Caesaris
1354 4216 1386 4267 et
1410 4195 1593 4267 Perdinondi
