2964 4912
342 495 396 549 284
738 493 795 549 XL.
833 493 872 546 De
890 491 1069 547 Jansenismo.

344 637 499 701 Pontifex
532 637 737 721 supprimere
770 635 883 702 voluit.
939 635 1012 698 Hae
1044 634 1160 698 ultima
1199 635 1324 698 ratione
1354 635 1434 717 igitur

342 734 466 798 Romae
483 737 687 818 interpretati
705 744 781 798 sunt
797 756 845 816 ea,
864 755 949 818 quae
965 734 1122 818 ambigua
1136 733 1335 797 videbantur
1348 731 1436 816 quoad

343 833 582 897 declarationes
606 835 835 918 episcoporum
860 841 892 896 et
916 833 1227 896 commissariorum.
1277 827 1437 893 Cardinalis

342 931 539 1016 Rospigliosi
571 953 637 995 non
662 938 911 1009 commemorat,
941 931 1166 994 transmissam
1199 928 1300 992 fuisse
1323 927 1438 990 Romam

342 1031 472 1114 copiam
497 1030 656 1093 Actorum
680 1029 906 1113 synodalium3
938 1049 989 1090 res
1014 1029 1102 1091 enim
1127 1026 1271 1090 debebat
1293 1047 1438 1088 remancre

342 1136 476 1193 secreta.
521 1127 619 1190 Forte
643 1149 705 1190 nec
729 1149 772 1190 ex
788 1127 894 1210 copia,
919 1148 1004 1211 quae
1028 1127 1138 1188 minus
1162 1133 1317 1188 accurata
1340 1135 1370 1186 ct
1388 1143 1438 1184 non

342 1226 476 1289 omnino
506 1226 652 1309 genuina
683 1246 753 1288 esse
782 1234 924 1309 poterat,
957 1245 1071 1287 sensns
1103 1224 1334 1308 episcoporum
1363 1220 1439 1304 plane

342 1321 487 1408 patebat.
534 1323 691 1386 Poterant
715 1331 802 1385 certe
832 1322 957 1385 Romae
988 1322 1261 1404 investigationes
1294 1319 1439 1383 ulteriores

343 1423 503 1502 omittere,
527 1421 588 1483 niti
613 1420 822 1484 doc'umentis
836 1419 980 1505 publicis
997 1442 1082 1504 quae
1098 1442 1117 1482 a
1132 1419 1282 1503 personis
1307 1417 1440 1500 delegatis

242 1538 244 1542 ⁴
341 1527 548 1603 acceperant,
573 1527 605 1581 et
621 1517 776 1602 prudenti
792 1517 1053 1581 dissimulatione
1070 1539 1127 1602 pro
1143 1526 1292 1602 tompore
1309 1515 1439 1579 desistere

343 1640 363 1681 a
393 1617 631 1702 persequendis
664 1616 838 1680 conatibus
869 1617 1008 1700 privatis
1039 1615 1317 1679 Jansenistarum.
1361 1611 1439 1675 Brevi

114 1727 116 1730 ’
173 1715 454 1817 θῑθζξζνξῶεωῑθω
479 1715 523 1778 ad
547 1715 718 1799 episcopos
743 1714 820 1777 dato
846 1712 1000 1778 Clemens
1024 1713 1075 1777 IX
1099 1712 1275 1796 providere
1300 1710 1395 1774 voluit
1414 1716 1441 1770 ut

287 1807 292 1818 ’
344 1823 517 1895 constaret,
551 1835 585 1876 se
609 1814 744 1876 omnino
769 1813 920 1875 insistere
945 1808 1245 1874 Constitutionibus
1270 1807 1441 1872 Praedeoes·

335 1934 452 1976 sorum
477 1932 620 1990 suorum,
646 1919 677 1973 et
692 1909 843 1973 eumdem
863 1931 996 1972 sensnm
1012 1904 1179 1972 internum
1194 1928 1234 1970 ac
1251 1905 1440 1989 subscriptio·

342 2030 415 2073 nem
442 2011 513 2086 sine
537 2009 744 2072 restrictione
767 2009 934 2092 requirere
958 2007 1088 2092 qualem
1113 2005 1160 2069 illi
1185 2003 1397 2089 aeger-anth

344 2215 553 2222 .---

414 2353 435 2425 1)
455 2355 511 2422 Ipsi
529 2355 704 2410 Jansenistae
727 2371 760 2409 ea
779 2358 870 2410 aetate
888 2354 955 2408 bene
973 2352 1183 2423 intelligebant,
1214 2353 1371 2407 Pontificem
1388 2349 1438 2402 selle

341 2436 473 2489 sinceram
498 2441 526 2488 et
552 2435 698 2501 simplicem
716 2435 941 2502 subscriptionem
967 2433 1106 2489 formulae.
1143 2433 1194 2486 Sei
1213 2433 1271 2487 suis
1289 2432 1437 2486 machinatio

340 2517 419 2570 nibus
439 2515 581 2582 coryphaei
601 2531 691 2569 corum
710 2515 856 2569 illuserunt
873 2515 976 2569 Nuntio
995 2513 1142 2573 Pontificis.
1170 2519 1261 2580 atque,
1287 2513 1328 2567 uti
1347 2511 1434 2564 videtu

340 2596 424 2652 etiam
443 2595 565 2663 episcopo
584 2595 729 2660 Alectensi,
756 2594 802 2662 qui
828 2595 899 2648 forte
923 2610 971 2660 pro
990 2594 1138 2648 severitate
1163 2609 1214 2647 sua
1233 2598 1261 2647 et
1281 2591 1434 2646 obstinatiore

341 2692 394 2729 non
413 2675 622 2743 subscripsisset,
641 2675 664 2728 si
683 2675 808 2729 scivisset
826 2690 885 2728 eam
903 2673 1127 2742 subscriptionem
1146 2672 1268 2727 exhiberi
1287 2671 1405 2726 Pontifici
1418 2673 1436 2720 ut

341 2755 528 2810 adhaesionem
548 2755 581 2808 sd
599 2754 798 2808 damnationem
817 2753 1030 2821 propositionum
1049 2753 1077 2806 in
1096 2768 1177 2806 sensu
1194 2753 1213 2806 J
1216 2753 1330 2808 ansenii.
1364 2748 1437 2804 Scribit

340 2835 428 2903 Leroy
456 2834 534 2904 (abbe
559 2835 592 2888 dc
609 2833 835 2903 Hauteiontains)
862 2833 1021 2888 Jansenista
1045 2832 1161 2901 insignis
1187 2833 1221 2886 ad
1246 2833 1359 2887 amicum
1382 2843 1436 2882 suun

340 2915 476 2968 Lancclot
498 2915 603 2982 pariter
619 2915 805 2968 Jansenistam
824 2913 992 2978 eminentem,
1013 2913 1055 2966 dic
1078 2915 1124 2968 12⁰
1136 2913 1262 2968 Decemb.
1282 2929 1304 2967 a.
1321 2912 1396 2967 1668:
1412 2907 1437 2964 ,Π

341 3010 375 3049 ne
393 2995 454 3049 faut
472 3011 520 3063 pas
538 2998 682 3058 s'etorlner,
715 2994 739 3048 si
762 2994 798 3050 M.
818 2993 927 3047 d'Aleth
953 3009 969 3046 a
994 2997 1038 3048 tte
1062 2997 1167 3061 trompe
1194 2992 1262 3046 dans
1290 2991 1396 3046 l'atiairc
1416 2988 1436 3039 n
1469 3018 1470 3023 κ

280 3135 291 3157 ⁸
339 3075 609 3140 l'accommodement,
638 3081 666 3128 et
694 3074 718 3128 si
746 3089 779 3126 on
808 3073 847 3126 lui
875 3074 963 3127 afait
990 3074 1104 3140 prendre
1126 3073 1165 3127 les
1189 3073 1283 3127 choses
1311 3075 1437 3126 autrencnt

340 3162 421 3223 qu'on
446 3171 480 3208 nc
508 3156 546 3209 les
570 3155 678 3222 prenait
697 3156 713 3206 a
732 3153 818 3217 Paris,
846 3153 959 3220 puisque
978 3154 1014 3211 M.
1033 3155 1058 3208 lo
1076 3155 1167 3208 Nonae
1186 3170 1203 3206 a
1221 3156 1266 3207 ete
1289 3155 1387 3220 trompe
1401 3147 1436 3203 lui·

234 3267 237 3271 ·
340 3238 433 3301 meme,
460 3236 575 3303 quoique
600 3235 679 3288 d'une
704 3233 823 3287 muniere
842 3233 1149 3302 directement-oppostc
1169 3236 1185 3286 a
1203 3234 1271 3288 celle
1296 3249 1346 3300 que
1361 3235 1393 3286 l‘a
1407 3229 1436 3282 su

340 3318 365 3370 le
388 3317 463 3372 saint
482 3315 577 3383 preat,
604 3320 631 3368 et
656 3314 735 3367 d’une
754 3312 834 3380 lacon
853 3313 881 3366 la
898 3314 958 3380 plns
984 3314 1119 3380 plaisante
1138 3318 1167 3366 et
1185 3314 1212 3366 la
1230 3314 1292 3380 plus
1311 3307 1436 3378 incroyaile

340 3397 376 3450 du
394 3397 498 3450 monde.
538 3395 590 3448 Car
608 3411 637 3450 ce
656 3389 781 3448 ministre
799 3394 834 3447 dn
854 3393 936 3462 Papo,
966 3395 1011 3460 qui
1030 3395 1097 3448 dans
1116 3409 1146 3446 sa
1165 3394 1270 3460 qualite
1288 3410 1322 3448 nc
1340 3394 1390 3447 doit
1403 3402 1435 3456 pn

339 3478 397 3531 stre
422 3475 478 3528 aise
501 3477 518 3528 d
540 3474 654 3542 prendre
678 3490 745 3542 pour
768 3475 850 3541 dupe,
877 3490 893 3527 a
912 3475 1017 3529 deniare
1044 3474 1125 3540 „qu'il
1148 3475 1226 3528 avait
1243 3477 1327 3542 pense
1344 3471 1400 3540 qu'il
1413 3482 1435 3520 ne

340 3555 479 3625 s'agissait
498 3555 563 3608 dans
583 3560 660 3609 toute
679 3553 706 3607 la
725 3553 898 3622 negociation
923 3570 974 3622 que
999 3555 1032 3608 de
1050 3553 1156 3607 reduire
1175 3554 1214 3606 les
1233 3558 1331 3619 quatre
1347 3553 1435 3615 eveus

340 3639 356 3688 a
374 3637 402 3689 la
420 3637 565 3706 adparatum
585 3635 620 3688 du
638 3635 807 3689 Formulaire
822 3652 894 3703 pure
914 3640 942 3688 et
960 3637 1066 3703 strapis,
1092 3639 1120 3688 ct
1144 3633 1223 3699 qu'ils
1241 3639 1283 3700 s'y
1301 3634 1396 3688 etaient
1409 3629 1434 3680 ri

340 3717 421 3770 duits.
447 3722 475 3770 et
494 3731 545 3782 que
563 3715 603 3768 s'il
624 3715 701 3769 avait
721 3731 756 3768 vu
776 3730 805 3769 cs
824 3715 930 3781 quel’on
949 3714 1050 3780 faisait,
1075 3713 1095 3766 il
1118 3713 1238 3766 n'aurait
1258 3714 1355 3782 jamnis
1372 3708 1434 3764 domi

339 3811 388 3850 son
407 3799 608 3850 consentement
627 3798 644 3848 a
663 3795 690 3848 la
709 3796 800 3862 paix.‘·
839 3796 924 3860 hiasi,
950 3795 1094 3858 Monsieur‚
1121 3792 1149 3846 la
1166 3793 1300 3861 potitique
1317 3794 1340 3848 si
1357 3790 1434 3845 cinit

340 3882 370 3930 et
387 3876 414 3929 la
432 3876 566 3942 prudence
584 3876 607 3929 si
625 3875 786 3943 ingenieuse
804 3875 837 3928 de
857 3891 886 3929 ce
905 3875 983 3930 siecle
1002 3891 1019 3928 a
1036 3877 1133 3928 trouve
1151 3873 1216 3926 l'art
1234 3879 1264 3928 et
1282 3875 1306 3928 lc
1324 3877 1399 3928 secret
1412 3867 1433 3918 dr

341 3961 483 4009 contentcr
501 3949 534 4008 en
553 3955 637 4009 meme
655 3960 748 4023 temps,
769 3955 870 4009 durant
889 3955 914 4009 le
934 3971 1011 4009 cours
1030 3953 1107 4007 d’nne
1120 3953 1302 4022 negociation,
1321 3955 1432 4015 demper-

341 4050 438 4089 sonnes
457 4035 523 4088 dont
541 4035 579 4088 les
588 4034 739 4088 intentioris
752 4040 781 4088 ct
793 4035 832 4088 les
846 4034 896 4089 fins
910 4035 1015 4088 etaient
1027 4035 1064 4088 les
1077 4034 1138 4101 plus
1151 4034 1302 4088 contraires
1314 4034 1348 4086 dn
1356 4027 1432 4086 monia

341 4131 375 4170 en
393 4115 452 4169 leur
469 4114 572 4169 faisant
589 4115 650 4168 voir
668 4115 707 4168 les
733 4114 825 4169 choses
848 4115 915 4169 dans
939 4129 992 4167 une
1018 4112 1151 4167 situation
1176 4119 1206 4167 et
1230 4115 1298 4168 dans
1316 4129 1350 4166 nn
1365 4109 1432 4175 aspect

341 4195 387 4262 qui
405 4196 464 4249 leur
481 4195 588 4249 cachait
605 4210 634 4249 cs
653 4195 764 4261 qu'ellcs
793 4194 898 4249 etaient
922 4192 1156 4250 veritablement.“
1193 4193 1292 4260 Rapin,
1316 4193 1383 4248 iiim
1397 4182 1431 4238 ll·

340 4291 365 4342 p.
385 4276 438 4329 473
456 4280 529 4332 notu.
