2964 4912
443 443 642 497 Declarationis
660 441 792 509 sequelae.
1126 442 1178 496 367

48 591 145 654 enim
171 609 255 670 eam,
280 588 369 673 quod
394 609 491 672 saepe
507 587 653 672 profiteri
672 585 781 671 juvat,
805 587 980 650 tutandam
1003 586 1059 649 hic
1074 608 1179 650 susce·
1198 589 1342 690 Expffl‘ur

46 691 177 774 pimus.
216 687 330 750 Manet
354 688 552 750 inconcussa
576 699 609 748 et
632 707 791 748 censurae
805 685 914 748 omnis
929 706 1047 769 expers
1071 686 1181 769 prisca
1304 679 1309 690 '

46 786 109 850 illa
143 786 308 850 sententia
338 783 640 863 Parisiensium“.1)
692 782 919 847 Adverterunt
949 783 1049 846 etiam
1082 780 1180 846 Galli·

46 885 141 964 cani,
167 883 216 946 uti
230 881 406 963 Barruell),
432 902 606 945 censuram
623 880 768 967 aliquam
793 882 910 945 erroris
935 879 988 942 vel
1008 879 1181 943 haereseos

45 985 84 1046 in
113 980 207 1044 bulla
223 978 406 1045 Alexandri
423 979 508 1042 VIII
525 1001 591 1042 non
608 980 766 1062 inveniri,
792 988 823 1042 et
839 979 1023 1043 doctrinam
1040 987 1181 1063 quatuor

45 1078 283 1142 Articulorum
326 1099 392 1141 non
426 1099 496 1140 esse
531 1076 763 1160 improbatam.
822 1075 921 1155 Quod
958 1075 1001 1139 ad
1033 1085 1180 1139 nostram

45 1178 119 1242 hac
145 1177 186 1241 de
211 1200 246 1240 re
271 1177 468 1240 sententiam
493 1176 625 1257 attinet,
650 1197 768 1238 verum
792 1175 928 1260 quidem
952 1183 1014 1256 est,
1040 1173 1082 1238 ab
1106 1173 1180 1236 Ale-

44 1276 184 1340 xandro
213 1275 297 1339 VIII
329 1274 453 1337 directe
484 1274 593 1358 ipsum
626 1283 728 1336 actum
759 1284 788 1336 et
818 1273 988 1337 editionem
1017 1271 1180 1357 ejusmodi

44 1372 295 1438 Declarationis
320 1371 564 1436 Constitutione
588 1394 648 1436 sua
673 1372 892 1435 condemnata
916 1391 996 1434 esse.
1043 1367 1109 1433 Sed
1133 1369 1180 1432 in·

47 1472 181 1535 directe
206 1472 306 1534 etiam
323 1471 431 1554 ipsam
447 1469 634 1533 doctrinam
650 1471 767 1553 tangit,
793 1491 896 1555 quum
912 1467 1179 1532 Declarationem

47 1579 87 1632 ut
113 1590 233 1632 ausum
262 1571 376 1632 contra
399 1568 628 1631 auctoritatem
654 1566 750 1632 Sedis
774 1566 985 1651 Apostolicae
1017 1565 1179 1629 directum

45 1675 288 1751 repraesentet.
328 1666 367 1729 ln
392 1686 516 1728 vanum
538 1674 649 1729 autem
666 1665 847 1729 Bossuetus
862 1663 1027 1728 laboravit
1050 1662 1084 1726 id
1101 1663 1179 1726 inde

48 1764 239 1850 explicare,
272 1763 361 1849 quod
385 1763 541 1840 Pontifex
566 1764 824 1843 existimaverit,
859 1759 1026 1848 praesules
1050 1759 1179 1826 Galliae

47 1863 198 1926 voluisse
212 1861 296 1945 fidei
319 1861 488 1925 decretum
513 1861 620 1942 edere,
645 1861 794 1946 adeoque
819 1860 882 1925 sibi
906 1881 1082 1944 usurpasse
1101 1859 1179 1944 jura

48 1961 150 2026 Sedis
166 1959 346 2023 Romanae.
395 1959 461 2024 Sed
478 1957 710 2023 Alexandrum
735 1961 951 2039 existimasse,
977 1957 1119 2021 Comitia
1143 1971 1179 2020 ut

38 2059 127 2143 fidei
151 2058 363 2141 definitionem
393 2055 536 2120 edidisse
560 2055 828 2120 Declarationem
853 2055 960 2136 illam,
993 2077 1089 2119 nemo
1114 2055 1177 2118 sibi

47 2154 283 2242 persuadebit3
308 2153 398 2217 nulla
422 2156 511 2217 enim
536 2153 635 2240 hujus
658 2156 706 2218 rei
726 2164 804 2218 sunt
827 2155 962 2219 indicia.
1002 2152 1178 2218 Caeterum

49 2252 246 2316 Alexander
269 2252 353 2314 VIII
380 2251 452 2336 jam
486 2260 601 2332 antea,
638 2252 693 2316 die
726 2253 763 2315 7⁰
786 2251 983 2316 Decembris
1015 2274 1045 2316 a.
1081 2251 1176 2332 1690,

48 2353 138 2413 inter
168 2349 249 2413 alias
283 2349 502 2412 damnaverat
525 2348 613 2412 hanc
645 2351 904 2434 propositionem
928 2351 1026 2413 29⁸m:
1058 2348 1177 2414 Fertilis

47 2461 79 2512 et
113 2449 205 2512 toties
235 2446 385 2511 conuulso
415 2459 462 2510 est
490 2450 624 2512 assertio
656 2449 694 2512 de
718 2449 880 2532 Pontifices
909 2450 1049 2512 Romani
1079 2471 1177 2533 supra

51 2543 228 2611 Concilium
253 2546 478 2609 oecumenicum
509 2547 713 2630 anctoritate,
746 2557 837 2632 atque
860 2548 896 2610 in
915 2546 999 2630 fidei
1021 2547 1175 2633 quaestio-

45 2643 143 2708 nibus
166 2643 371 2706 decernendis
394 2643 642 2728 infallibilitate.
689 2645 744 2708 Ex
775 2667 840 2731 qua
863 2645 1078 2710 damnatione
1104 2643 1175 2728 jam

44 2764 108 2827 per
141 2742 234 2804 sein
259 2740 427 2804 Articulos
451 2739 642 2806 Gallicanos
673 2752 750 2806 nota
775 2743 939 2829 quaedam
970 2742 1174 2808 dimanabat.

140 2837 192 2904 60.
240 2835 354 2916 Quum
390 2837 604 2903 difficultates
640 2841 675 2904 in
710 2839 820 2906 Gallia
855 2843 960 2927 magis
1003 2842 1174 2925 magisque

45 2944 245 3018 crescerent,
270 2935 464 3000 Ludovicus
480 2938 564 3004 XIV
588 2948 697 3002 autem
715 2939 916 3003 Pontificum
940 2938 1069 3002 videret
1085 2959 1173 3002 men·

44 3044 112 3098 tem
141 3043 363 3117 constantem,
384 3034 455 3119 jam
479 3034 643 3100 intellexit
667 3037 731 3100 sibi
756 3059 826 3101 esse
850 3037 1053 3118 cedendum,
1086 3045 1173 3100 certe

44 3134 138 3196 enim
163 3131 304 3196 multum
328 3131 459 3214 aberat,
491 3143 528 3196 ut
551 3155 610 3197 rex
633 3134 785 3218 religioni
810 3134 993 3199 catholicae
1017 3134 1172 3199 addictis-

44 3232 151 3293 simus
175 3228 218 3292 ad
243 3229 387 3293 schisma
411 3223 510 3294 vellet
535 3230 702 3297 declinare
726 3243 886 3318 apertum.
936 3233 1046 3313 Quum
1072 3235 1173 3318 igitur

42 3329 265 3392 innocentius
300 3329 369 3391 XII
410 3329 464 3394 die
507 3330 565 3394 12⁰
599 3330 682 3395 Julii
725 3332 807 3395 1691
850 3333 1062 3396 successisset
1096 3331 1171 3395 Ale·

42 3426 175 3489 xandro
209 3425 309 3509 VIII,
346 3429 525 3511 negotiatio
560 3430 679 3493 iterum
714 3440 866 3516 suscepta
899 3439 956 3496 est.
1011 3432 1171 3494 Innocen-

41 3524 111 3586 tius
135 3523 214 3606 XII,
239 3526 287 3587 uti
312 3525 411 3587 etiam
436 3525 691 3591 Praedecesores
715 3529 828 3612 ipsine,
854 3548 920 3591 non
945 3527 1110 3611 exigebat,
1136 3539 1172 3592 ut

42 3621 195 3706 deputati
222 3619 440 3685 Comitiorum
472 3624 551 3686 anni
578 3624 663 3688 1682
688 3626 730 3688 ad
756 3627 982 3710 episcopatum
1008 3628 1169 3690 nominati

42 3722 153 3800 (erant
186 3740 224 3782 eo
257 3728 405 3804 tempore
437 3718 506 3783 fere
539 3718 654 3784 decem
688 3732 720 3785 et
752 3727 892 3808 septem)
928 3725 1171 3810 propositiones

42 3817 214 3899 signarent
246 3817 409 3880 doctrinae
432 3817 676 3884 Declarationis
707 3824 883 3906 oppositas.
932 3821 997 3887 Sed
1028 3823 1169 3909 postula-

40 3911 117 3995 bat,
155 3922 192 3977 ut
213 3914 469 3978 renactotionen
497 3917 685 3981 emitterent
708 3918 969 4001 Declarationis,
1007 3930 1169 4007 quatenus

117 4131 136 4199 ¹)
156 4131 264 4189 Delam.
283 4133 389 4192 Declar.
409 4134 523 4190 Dissert.
544 4139 658 4205 praevia
676 4154 703 4194 n.
723 4140 756 4194 X.

114 4211 136 4280 ²)
156 4212 200 4265 Du
218 4211 300 4280 Papa,
320 4227 346 4281 p.
365 4215 427 4271 481.
544 4281 546 4292 Α
