3020 4908
293 476 347 530 430
481 473 567 528 XLII.
605 474 646 529 De
664 480 740 530 statu
758 473 896 530 Ecclesiae
914 490 983 532 saec.
1001 474 1102 530 decimo
1121 481 1226 532 octavo.

139 618 275 722 ῗζῡέζῗῦῗῡ
294 640 350 682 eos
374 617 515 684 diversis
539 619 669 704 scriptis
689 616 903 702 impetebant,
929 619 1014 682 inter
1036 641 1131 703 quae,
1156 620 1204 682 uti
1224 619 1297 704 jam
1313 621 1420 683 innui·

260 708 265 720 ¹
294 738 378 795 mus,
404 714 533 780 nullum
556 717 773 801 perniciosius
798 737 896 801 quam
922 715 1010 800 quod
1034 715 1165 781 Blasius
1188 717 1309 781 Pascal
1334 740 1419 782 anno

295 814 381 879 1656
414 813 476 878 suh
508 813 602 878 titulo
627 813 748 878 Lettres
773 813 991 899 provinciales
1023 826 1084 880 etc,
1118 814 1233 879 edidit.
1281 815 1420 881 Saeculo

184 912 188 918 '
293 912 423 976 decimo
448 921 566 976 octavo
590 912 802 976 Jansenistae
832 935 872 975 ac
896 911 1212 998 pseudophilosophi
1246 915 1352 978 unitis
1376 916 1420 977 vi-

291 1011 384 1075 ribus
409 1009 637 1075 vehementius
661 1009 907 1088 adlaborarunt,
932 1020 969 1073 ut
993 1010 1191 1076 Societatem
1208 1010 1292 1076 Jesu
1318 1021 1421 1076 exter-

293 1109 473 1189 minarent,
510 1109 616 1193 iisque
650 1129 684 1171 se
712 1107 828 1193 junxit
858 1106 1024 1172 Ludovici
1057 1108 1124 1172 XV
1158 1109 1351 1174 concubina
1382 1109 1422 1172 de

291 1206 504 1292 Pompadour
544 1217 576 1269 et
609 1205 650 1270 de
684 1203 841 1270 Choiseul
876 1204 964 1269 illius
1003 1205 1200 1270 administer
1231 1209 1420 1292 primarius.

291 1304 481 1368 Destructio
506 1302 680 1369 Societatis
714 1305 749 1367 in
774 1303 949 1368 Lusitania
979 1303 1071 1368 hisce
1096 1303 1246 1369 hostibus
1271 1305 1422 1369 infensis·
1506 1344 1507 1414 p

292 1403 384 1467 simis
407 1404 556 1468 animum
588 1401 738 1481 addidit,
774 1403 830 1486 qui
856 1423 934 1465 mox
959 1410 1178 1487 opportunam
1211 1403 1421 1467 occasionem
1506 1425 1507 1476 ,

292 1502 494 1565 invenerunt
510 1510 547 1564 ut
563 1499 654 1565 illam
672 1501 771 1564 etiam
789 1501 822 1563 in
839 1497 950 1564 Gallia
967 1501 1221 1585 supprimerent.
1261 1501 1298 1565 P.
1315 1501 1421 1566 Lava·

291 1599 370 1663 lette
398 1609 591 1684 procurator
613 1599 817 1663 Jesuitarum
850 1599 885 1661 in
909 1597 1043 1661 Antillis
1068 1597 1202 1680 insulis,
1235 1608 1273 1663 ut
1295 1601 1422 1663 missio-

293 1718 373 1761 num
406 1708 587 1782 proventus
627 1706 781 1780 augeret,
818 1705 932 1760 contra
966 1695 1180 1781 Superiorum
1214 1697 1421 1780 mandatum,

293 1797 341 1859 uti
366 1806 435 1859 erat
461 1797 511 1858 vir
542 1795 731 1858 audacioris
754 1795 897 1878 ingenii,
929 1804 1148 1858 mercaturam
1178 1793 1307 1859 ibidem
1333 1818 1422 1859 exer·
1507 1861 1508 1864 ,

294 1892 390 1957 cebat
413 1891 499 1956 ultra
523 1914 623 1978 quam
648 1892 698 1956 fas
722 1900 801 1956 crat.
840 1892 952 1955 Naves
976 1892 1078 1974 igitur
1094 1892 1262 1956 mercibus
1284 1892 1423 1957 refertas

294 1992 328 2054 iu
360 1989 530 2075 Europam
563 1991 668 2072 misit,
705 2011 789 2075 quae
823 1989 864 2052 ab
889 1987 1027 2073 Anglis,
1063 1989 1151 2054 bello
1182 1991 1271 2054 inter
1299 1990 1362 2055 hos
1393 2002 1423 2055 et

294 2086 407 2152 Gallos
432 2098 512 2151 tunc
536 2087 661 2170 oborto,
687 2095 803 2172 captae
827 2097 912 2152 sunt.
962 2085 1046 2151 Cum
1063 2087 1238 2152 Lavalette
1264 2100 1423 2153 mercato-

293 2185 386 2250 ribus
402 2185 667 2250 Massiliensibus
690 2185 831 2269 (Lioney
856 2195 888 2248 et
905 2183 1056 2270 Gouffre)
1080 2187 1167 2249 aeris
1190 2184 1294 2250 alieni
1310 2186 1423 2251 debita
1508 2247 1509 2254 ,

295 2293 464 2348 contracta
493 2283 620 2348 solvere
644 2304 711 2347 uon
735 2291 862 2368 posset,
893 2283 1061 2346 actionem
1086 2282 1133 2345 illi
1162 2293 1367 2349 mercatores
1391 2287 1422 2349 in

295 2382 493 2448 Societatem
518 2383 742 2460 instituerunt,
768 2391 800 2444 et
815 2380 1059 2445 Parlamentum
1074 2380 1261 2445 Parisiense
1284 2382 1424 2447 Jesuitis

295 2479 473 2560 infensum,
501 2478 573 2543 illos
597 2501 684 2543 anno
711 2479 794 2543 1761
821 2500 888 2542 nou
912 2478 1016 2542 solum
1042 2480 1075 2542 in
1100 2478 1242 2543 solidum
1268 2481 1424 2544 condem·

295 2579 405 2659 navit,
430 2578 487 2641 sed
512 2577 642 2642 illorum
668 2575 936 2656 Constitutiones,
960 2577 1132 2661 regiminis
1156 2576 1284 2658 civilis,
1310 2578 1421 2642 Eccle

295 2675 380 2756 siae,
417 2675 512 2740 Sedis
543 2674 756 2760 Apostolicae
787 2676 975 2738 auctoritati
1008 2675 1189 2738 contrarias
1226 2674 1422 2756 declaravit,

295 2772 399 2836 multa
421 2773 626 2837 Jesuitarum
652 2795 751 2857 opera
772 2771 815 2835 ad
839 2774 949 2856 ignem
972 2772 1154 2853 damnavit,
1180 2775 1360 2858 vetuitque
1384 2795 1424 2838 ne

295 2872 369 2955 quis
400 2869 557 2955 deinceps
588 2892 701 2934 eorum
726 2868 925 2933 Societatem
957 2869 1187 2953 ingrederetur
1220 2870 1275 2934 vel
1309 2894 1424 2936 eorum

295 2965 422 3031 scholas
446 2967 677 3053 frequentaret.
719 2967 883 3047 Quamvis
899 2967 1067 3052 praesules
1084 2967 1213 3032 Galliae
1227 2991 1320 3032 anno
1339 2970 1422 3034 1761

294 3065 431 3129 Parisiis
456 3067 646 3150 congregati
669 3067 872 3131 Jesuitarum
898 3065 1096 3130 Societatem
1120 3065 1245 3147 utilem,
1276 3068 1347 3131 imo
1371 3089 1425 3131 ne-

296 3165 473 3227 cessariam
501 3163 694 3245 laudarent,
726 3174 758 3227 et
781 3163 891 3248 plures
917 3161 1015 3226 urbes
1047 3184 1105 3248 pro
1129 3163 1269 3227 Jesuitis
1294 3187 1424 3228 conser-

296 3261 415 3326 vandis
433 3260 711 3347 supplicarentur,
736 3261 952 3325 nihilominus
966 3260 1216 3325 Parlamentum
1230 3260 1423 3326 Parisiense

295 3381 382 3423 anno
409 3359 494 3422 1762
519 3360 687 3423 decretum
711 3359 795 3441 tulit,
821 3381 886 3444 quo
910 3358 1103 3423 Institutum
1124 3359 1334 3424 Jesuitarum
1354 3361 1422 3444 juri

296 3468 444 3538 naturae,
468 3456 639 3521 Ecclesiae
661 3468 759 3542 atque
782 3455 937 3540 gubernii
962 3456 1071 3520 civilis
1088 3458 1280 3520 auctoritati
1305 3456 1422 3520 adver-

271 3557 273 3560 ’
296 3577 379 3636 sum,
405 3555 438 3617 in
456 3553 566 3619 Gallia
582 3554 752 3635 abolitum,
777 3556 925 3620 Jesuitae
942 3578 961 3618 a
977 3555 1062 3618 votis
1079 3556 1147 3618 suis
1171 3553 1280 3635 soluti,
1307 3577 1421 3619 eorum

295 3651 382 3716 bona
406 3652 485 3717 fisco
509 3653 701 3740 adjudicata
726 3663 811 3719 sunt.
857 3653 1007 3716 Vetitum
1031 3641 1117 3735 erat,
1142 3674 1184 3716 ne
1209 3674 1422 3717 communem

296 3761 431 3835 agerent
455 3753 569 3831 vitam,
595 3751 745 3815 habitum
765 3751 939 3816 Societatis
963 3759 1130 3833 gestarent
1153 3758 1186 3812 et
1209 3749 1343 3834 regulas
1365 3749 1421 3813 ob·

297 3859 475 3925 servarent,
501 3859 740 3935 statutumque,
765 3859 802 3912 ut
824 3847 934 3914 nullus
958 3871 1071 3923 eorum
1096 3869 1219 3912 munus
1242 3857 1301 3912 aut
1324 3848 1421 3913 bene-

296 3945 409 4010 ficium
433 3946 568 4032 aliquod
590 3947 762 4028 obtineret,
787 3948 979 4032 priusquam
1004 3946 1083 4010 huic
1100 3945 1233 4010 decreto
1249 3965 1419 4009 assensum

291 4046 445 4130 jurasset.
485 4044 596 4125 Quum
614 4047 763 4111 Jesuitae
786 4045 979 4108 Institutum
1002 4065 1099 4108 suum
1122 4042 1280 4128 abjurare
1297 4041 1420 4106 detrec

296 4152 414 4224 tarent,
438 4165 525 4207 anno
552 4143 638 4207 1664
662 4165 680 4206 e
704 4142 814 4208 Gallia
837 4141 973 4224 relegati
998 4150 1084 4206 sunt.
1131 4139 1329 4204 Ludovicus
1345 4138 1418 4203 XV

298 4242 563 4326 suppressionem
588 4240 762 4306 Societatis
787 4240 1014 4320 confirmavit3
1039 4238 1259 4303 nihilomiuus
1283 4237 1418 4304 Jesuitis
