3336 4908
407 474 461 530 278
802 472 860 531 XL.
897 475 938 529 De
955 473 1133 531 Jausenismo.

245 625 387 665 D⁰1¹b⁰r³⁸¹⁰
407 639 490 682 avec
512 627 585 682 tant
608 618 649 682 de
672 617 809 681 fermete
833 616 914 702 qu’il
938 639 972 681 se
988 617 1026 682 fit
1042 618 1173 681 eeoutcr
1188 639 1248 701 par
1264 639 1300 680 sa
1316 616 1506 696 Saintetefss)

249 687 387 790 eomes.
406 715 527 779 Narrat
542 715 673 797 deinde,
697 737 718 778 a
733 712 902 779 Clemente
925 715 1111 778 institutam
1133 713 1235 778 fuisse
1259 715 1506 778 commissionem

407 812 583 878 duodecim
608 811 851 894 Cardinalium,
888 820 924 875 ut
954 812 1123 895 negotium
1161 811 1252 876 istud
1285 812 1506 890 examinarent,

406 930 585 995 omnesque
609 909 650 973 de
673 909 790 974 fraude
813 911 1043 995 episcoporum
1060 911 1096 973 in
1112 910 1180 973 suis
1196 908 1291 974 Actis
1309 907 1508 994 synodalibus

406 1010 610 1074 convenisse.
657 1006 723 1072 Sed
754 1006 994 1072 dissentiebant
1023 1007 1064 1071 de
1093 1006 1191 1071 modo
1225 1007 1347 1090 agendi
1376 1007 1446 1092 jam
1466 1005 1508 1068 ad·

405 1102 561 1170 bibendo.
607 1104 743 1190 Albissy
768 1104 970 1187 consulebat,
995 1115 1032 1169 ut
1048 1126 1168 1189 magno
1185 1107 1389 1190 cumvigore
1413 1113 1510 1168 eontra

406 1203 576 1287 episcopos
613 1203 686 1268 illos
723 1203 972 1289 procederetur;
1020 1204 1119 1267 etiam
1160 1201 1258 1286 Ohigi
1298 1213 1331 1266 et
1369 1202 1510 1285 Rasponi,

406 1302 560 1385 quamvis
584 1301 762 1383 moderate,
787 1300 994 1366 inclinabant
1018 1301 1145 1365 adrem
1162 1301 1436 1386 persequendam.
1457 1297 1509 1363 Sed

406 1400 552 1463 maxima
576 1420 651 1483 pars
676 1396 903 1463 Cardinalium
929 1401 1066 1481 censuit,
1098 1408 1172 1484 post
1195 1420 1234 1462 ea
1257 1398 1433 1484 quaejam
1454 1417 1510 1480 per-

405 1504 480 1559 acta
504 1507 598 1560 erant
614 1520 633 1560 a
650 1497 822 1579 Pontifice,
855 1498 925 1561 sine
942 1497 1133 1560 discrimine
1156 1497 1361 1561 auctoritatis
1377 1504 1409 1559 et
1423 1493 1512 1578 digni-

405 1594 482 1656 tatis
506 1616 584 1662 suae
607 1593 689 1658 illud
713 1596 883 1678 negotium
907 1616 974 1658 non
998 1595 1120 1658 resumi
1144 1616 1251 1680 posse,
1276 1603 1308 1658 et
1330 1595 1388 1657 via
1411 1591 1511 1655 eadem

406 1713 477 1755 esse
500 1692 788 1776 progrediendum.
837 1692 931 1757 Unus
964 1693 1165 1775 aestimavit,
1196 1694 1349 1778 sepositis
1380 1690 1511 1768 caeteris,

406 1788 581 1853 nitendum
605 1811 675 1854 esse
698 1791 885 1854 testimonio
897 1789 1051 1875 publicae
1063 1791 1269 1854 auctoritatis
1286 1789 1375 1875 quod
1393 1788 1514 1852 dederat

406 1885 546 1970 Lyonne
577 1888 727 1952 minister
756 1889 878 1971 regius,
912 1887 1070 1952 videlieet
1100 1910 1181 1973 pure
1205 1898 1237 1951 et
1261 1885 1452 1973 simpliciter
1477 1885 1511 1948 ab

407 1984 570 2069 episcopis
593 1984 782 2050 formulario
807 2008 879 2050 esse
902 1985 1136 2071 subscriptum.
1167 2024 1210 2032 —
1242 1986 1360 2048 Visum
1392 1983 1510 2047 taudem

406 2089 455 2144 est
472 2078 702 2147 Commissioni
728 2081 857 2170 (saltem
875 2085 960 2169 parti
977 2083 1119 2168 majori),
1144 2083 1351 2164 Pontificem,
1376 2081 1513 2168 quamvis

408 2177 449 2242 de
473 2177 567 2242 Actis
591 2179 656 2244 illis
679 2181 899 2263 synodalibus
923 2181 1021 2246 valde
1045 2181 1285 2266 indignaretur,
1310 2190 1422 2243 tamen
1445 2176 1512 2241 illud

403 2277 576 2360 'negotium
600 2277 710 2362 quoad
725 2279 943 2343 substantiam
960 2300 1026 2343 non
1043 2281 1163 2343 iterum
1178 2288 1380 2364 pertractare
1397 2275 1511 2353 debere,

407 2395 469 2438 nec
499 2373 582 2438 illud
616 2376 705 2461 quod
737 2398 795 2462 per
825 2377 1131 2441 reconciliationem
1150 2377 1221 2462 jam
1247 2375 1433 2439 confectum
1456 2381 1512 2436 erat

407 2494 478 2536 esse
510 2473 755 2540 destruendum.
809 2475 943 2539 Etenim
979 2475 1077 2539 valde
1115 2475 1338 2560 periculosum
1376 2494 1445 2536 esse
1480 2469 1511 2533 ob

408 2570 622 2653 agitationem
660 2571 838 2657 quamdam
885 2575 1116 2658 episcoporum
1154 2595 1285 2659 quoque
1316 2569 1511 2646 Germaniae,

407 2667 545 2733 ulterius
569 2670 665 2734 istam
688 2692 759 2734 rem
783 2670 983 2756 protrahere.
1024 2671 1090 2736 Sed
1114 2673 1148 2736 in
1165 2671 1265 2735 Brevi
1289 2670 1333 2734 ad
1357 2671 1511 2754 episcopos

408 2766 569 2831 mittendo
601 2768 784 2833 curandum
816 2791 895 2852 esse,
928 2778 965 2832 ut
989 2791 1028 2835 ea
1051 2780 1305 2855 apponerentur,
1337 2790 1379 2832 ex
1407 2765 1510 2853 quibus

407 2872 545 2948 pateret,
570 2866 659 2949 ipsos
682 2865 726 2930 ad
749 2888 866 2951 pacem
890 2866 1021 2931 admitti
1046 2891 1085 2932 eor
1108 2869 1323 2954 suppositione
1347 2865 1428 2951 quod
1443 2883 1510 2950 pure

408 2971 446 3024 et
468 2960 664 3048 simpliciter,
701 2966 770 3029 aiae
799 2966 1010 3044 restrictione,
1048 2964 1233 3029 Alexandri
1264 2962 1331 3028 VII
1369 2959 1510 3026 formulae

409 3058 673 3144 subscripserint.

498 3157 550 3223 66.
597 3159 691 3223 Haec
721 3182 806 3246 quae
835 3160 923 3246 apud
948 3161 1057 3246 Rapin
1087 3162 1304 3225 inveniuntur
1333 3160 1425 3246 rejici
1457 3175 1507 3220 non

408 3274 503 3338 posse
527 3255 692 3339 videntur,
725 3267 757 3321 et
784 3258 939 3323 omnibus
963 3261 1133 3344 perpensis
1156 3260 1203 3324 ita
1227 3257 1289 3322 hac
1313 3260 1348 3323 in
1372 3281 1405 3322 re
1429 3264 1509 3320 statu·

407 3352 532 3417 endum
556 3376 627 3418 esse
651 3377 842 3421 censemus:

500 3451 536 3514 1⁰
567 3449 720 3518 Clemens
748 3454 800 3518 IX
838 3456 974 3519 minime
1008 3478 1028 3519 a
1063 3454 1357 3520 Praedeeessorum
1395 3469 1507 3517 suorum

408 3551 572 3613 sententia
594 3553 739 3634 recessit,
771 3562 803 3616 et
833 3551 1021 3618 nullatenus
1045 3553 1252 3638 approbavit,
1285 3553 1440 3637 permisit,
1467 3542 1507 3607 vel

407 3645 835 3714 toleravitJansenistarum
852 3651 1047 3733 doctrinam,
1072 3651 1181 3736 quoad
1196 3653 1420 3737 quaestionem
1435 3645 1506 3723 facti,

408 3744 498 3830 quod
528 3745 655 3810 scilicet
684 3771 808 3813 errores
838 3749 987 3814 damnati
1018 3751 1052 3812 in
1076 3749 1265 3833 Augustino
1295 3749 1441 3815 Jansenii
1469 3747 1505 3807 iu·

410 3845 596 3926 veniantur,
622 3847 775 3912 sufficere
799 3849 968 3913 silentium
993 3847 1235 3934 obsequiosum.
1265 3847 1305 3910 Id
1330 3847 1383 3912 vel
1404 3840 1505 3909 exinde

409 3949 509 4026 patet,
526 3943 614 4027 quod
632 3953 699 4009 tota
714 3954 855 4031 quatuor
871 3948 1100 4032 episcoporum
1118 3968 1218 4010 causa
1234 3947 1268 4010 in
1281 3967 1320 4010 eo
1334 3949 1501 4016 versaretur,

484 4163 504 4240 l)
523 4165 602 4222 Mem.
623 4165 673 4219 [Π.
691 4181 718 4234 p.
736 4167 798 4222 474.
816 4195 851 4206 -
869 4166 923 4221 Pro
941 4167 1090 4222 tendentiia
1108 4165 1164 4221 suis
1183 4166 1303 4222 severius
1322 4181 1403 4233 aequo
1419 4157 1501 4216 deols

409 4248 500 4298 mente
517 4243 558 4297 IX
576 4249 672 4299 auctor
689 4244 738 4299 hoc
755 4245 813 4300 loco
831 4246 959 4313 loquitur.
