3034 4894
428 483 467 535 De
485 482 574 538 initiis
592 483 902 550 pseudoretormationis.
1195 485 1233 538 29

108 624 182 687 satis
216 625 352 708 reprimi
385 647 493 709 posse,
526 626 604 689 inde
634 627 771 690 fortasse
795 649 862 691 non
886 627 968 692 adeo
993 628 1232 713 Imperatorem

108 723 254 806 urgebat,
280 733 315 786 ut
339 734 454 788 contra
468 722 561 788 illum
576 724 751 789 brachium
767 722 935 789 saeculare
952 725 1135 794 adhiberet.
1165 728 1231 791 Res

107 821 181 884 istas
205 821 360 906 politicas
383 822 658 907 impedimentum
683 823 850 908 quoddam
873 822 986 906 fuisse,
1017 827 1096 888 satis
1120 826 1230 889 innuit

106 917 299 1002 Raynaldus
331 918 395 983 illis
423 919 560 1007 verbis.¹
591 922 643 984 Ito
667 919 849 986 disturbato
880 931 952 985 tuac
973 922 1039 1004 fuit
1066 921 1175 988 Caroli
1205 925 1239 998 V

14 1105 15 1108 Ἴ
106 1013 222 1097 electio,
246 1039 302 1081 nec
325 1017 478 1104 Ponta'feoe
492 1019 717 1083 Mcaeimc'la'aaa'
740 1040 839 1105 opera
863 1019 907 1082 ad
931 1019 1098 1084 Lutherum
1121 1023 1229 1108 oppri-

105 1115 249 1178 mendum
272 1138 347 1180 usus
371 1115 457 1202 est.¹)
503 1116 604 1180 Brevi
629 1127 702 1202 post
725 1126 837 1180 autem
852 1118 1001 1202 piissime
1025 1120 1107 1184 obiit
1124 1120 1229 1184 Maxi-

105 1213 262 1278 milianus
287 1214 353 1279 (1.9
370 1214 447 1281 Jan.
465 1237 494 1281 a.
513 1215 607 1297 1519,
634 1237 754 1300 magno
779 1237 855 1278 cum
879 1216 926 1278 rei
951 1215 1150 1282 christianae
1175 1218 1228 1282 de·

103 1313 268 1378 trimento.
296 1313 462 1396 „Etenim
487 1313 602 1378 scribit
619 1312 856 1395 Pallavicinus,
882 1336 949 1378 non
973 1314 1079 1379 solum
1096 1315 1231 1380 firmum

104 1409 184 1474 illud
210 1411 395 1476 catholicae
417 1410 587 1495 religionis
611 1411 764 1476 columen
788 1411 920 1494 occidit,
946 1413 1035 1498 quod
1057 1415 1231 1498 potissime

104 1520 217 1572 contra
246 1509 431 1573 Lutherum
470 1512 700 1574 auctoritatem
739 1529 833 1574 suam
874 1533 939 1596 qua
976 1510 1123 1600 urgendo
1163 1535 1231 1598 qua

105 1607 271 1671 offerendo
295 1618 364 1671 tam
386 1618 517 1671 strenue
533 1608 750 1693 impenderat,
775 1607 833 1672 sed
848 1611 1047 1693 septemviro
1063 1607 1231 1674 Saxoniae

105 1704 229 1769 Vicarii
255 1727 375 1770 munus
399 1728 457 1792 pro
482 1707 620 1792 imperio
645 1717 779 1791 gerente
804 1707 838 1769 in
863 1708 903 1769 iis
921 1706 1123 1773 Germaniae
1147 1706 1230 1772 locis

105 1802 159 1866 ubi
183 1806 389 1889 praescripta
414 1805 736 1891 consuetudinesque
761 1804 927 1870 Saxoniae
951 1815 1135 1884 servantur,
1160 1815 1230 1869 tam

104 1900 248 1986 amplam
273 1900 364 1966 illam
380 1905 548 1986 regionem
566 1903 692 1989 dejecto
707 1904 800 1988 quasi
817 1925 936 1988 aggere
950 1902 1089 1966 Lutheri
1105 1925 1231 1968 errores

104 1999 319 2082 inundarunt,
344 2022 485 2087 quorum
508 2001 658 2087 plerique
677 2001 750 2087 jam
768 2022 844 2064 cum
860 2023 902 2064 ex
917 2000 1006 2064 fama
1024 2003 1230 2083 curiosiores,

104 2107 172 2160 tum
197 2120 240 2162 ex
263 2100 334 2183 ipso
362 2101 587 2185 quaesitorum
608 2100 858 2164 adversantium
872 2099 1047 2163 interdicto
1062 2100 1231 2163 avidiores

103 2197 341 2278 evaserant.“2)

192 2295 246 2359 28.
295 2296 406 2376 Quum
431 2296 592 2362 Electoris
617 2296 759 2362 Saxonis
783 2295 966 2381 patrocinio
991 2296 1137 2359 maxime
1161 2296 1396 2408 Lu·⁰¹²,¹{;,ffl}},‘¹⁸¹⁵

101 2392 214 2456 therus
230 2395 398 2476 niteretur,
424 2397 537 2459 statuit
553 2395 620 2458 Leo
637 2395 669 2459 X
694 2417 722 2459 a.
739 2393 823 2457 1519
848 2392 890 2457 ad
908 2391 1000 2456 illum
1025 2393 1103 2457 data
1127 2415 1227 2478 opera
1352 2387 1359 2400 '

102 2488 254 2576 delegare
283 2491 430 2557 Car-olum
454 2490 623 2557 Miltitiam
648 2494 803 2555 intimum
828 2490 1081 2572 cubicularium,
1106 2513 1148 2554 ex
1172 2514 1227 2555 no-

101 2587 158 2652 bili
184 2589 315 2654 familia
340 2590 482 2654 Misniae
505 2591 695 2672 oriundum,
720 2612 818 2675 quem
835 2588 978 2654 Electori
1003 2599 1135 2672 gratum
1158 2590 1228 2653 fore

102 2686 299 2753 confidebat.
352 2689 441 2752 Huic
480 2689 675 2753 mandatum
714 2701 772 2769 est,
813 2697 848 2751 ut
880 2709 1015 2750 auream
1045 2708 1153 2750 rosam
1184 2710 1227 2751 ex
1330 2768 1335 2777 .

101 2807 190 2850 more
221 2786 433 2851 benedictam
463 2789 606 2872 principi
638 2788 770 2851 afferret
801 2807 942 2871 eumque
974 2783 1017 2848 ad
1042 2783 1228 2849 Lutherum

105 2883 381 2969 compescendum
419 2887 593 2968 excitaret3
627 2884 844 2970 probabiliter
879 2885 978 2947 etiam
1015 2884 1227 2946 commissum

103 2981 245 3063 Miltitio,
270 2992 306 3045 ut
330 2982 395 3046 alia
420 2983 530 3048 media
553 2994 740 3068 opportuna
764 2982 948 3060 adhiberet,
973 2980 1095 3066 quibus
1109 2981 1229 3046 turbae

95 3082 130 3169 in
157 3080 343 3145 Germania
374 3091 464 3145 ortae
496 3091 781 3167 componerentur.
829 3079 914 3146 Sunt
942 3080 1000 3164 qui
1023 3078 1170 3143 Leonem
1195 3081 1228 3143 X

98 3178 358 3264 reprehendunt,
384 3181 473 3265 quod
497 3203 573 3244 cum
597 3179 731 3245 bomine
755 3191 824 3243 tam
848 3187 960 3263 aperte
984 3186 1099 3241 contra
1114 3177 1234 3267 Ε6616-Δ

98 3279 183 3341 siam
207 3275 329 3340 rebelle
353 3301 412 3363 per
435 3279 606 3343 Miltitium
631 3279 741 3344 adhuc
765 3280 855 3342 viam
884 3277 1099 3361 benignitatis
1124 3285 1155 3339 et
1178 3269 1237 3340 16-Ι

98 3374 343 3440 conciliationis
367 3378 451 3441 inire
475 3377 647 3457 studuerit,
673 3398 776 3463 quum
790 3377 867 3462 'jam
890 3376 969 3439 satis
992 3383 1128 3458 pateret,
1158 3397 1227 3438 non

98 3476 162 3538 nisi
196 3475 372 3538 severitate
403 3475 554 3540 adbibita
589 3477 708 3561 impios
738 3475 877 3538 Lutheri
908 3481 1045 3536 conatus
1076 3471 1224 3536 cohiberi

97 3594 207 3658 posse.
255 3570 320 3636 Sed
345 3571 478 3637 Miltitio
508 3595 625 3637 revera
656 3573 844 3658 injunctum
876 3580 955 3649 erat,
980 3578 1016 3631 ut
1039 3568 1226 3633 Electorem

97 3679 249 3733 moveret
289 3670 332 3733 ad
361 3674 557 3736 sectatorem
596 3674 630 3735 in
662 3671 846 3734 Lutherum
881 3667 1124 3748 adhibendam3
1162 3691 1225 3732 nec

97 3779 247 3854 apparet,
281 3790 451 3854 quousque
475 3769 608 3833 Miltitio
641 3791 660 3831 a
692 3767 778 3833 Sede
806 3765 997 3853 Apostolica
1030 3765 1227 3829 mandatum

98 3867 209 3948 fuerit,
227 3877 279 3944 ‚ut
303 3888 375 3929 eam
400 3866 640 3931 conciliationis
664 3869 764 3949 viam,
797 3889 862 3952 qua
887 3864 942 3928 ille
966 3874 1079 3948 postea
1103 3865 1226 3948 impru-

99 3965 217 4029 denter
240 3987 319 4028 usus
344 3976 402 4048 est,
427 3966 610 4031 adhiberet.
644 3963 820 4030 Caeterum
836 3961 1067 4029 Maximiliano
1084 3971 1227 4042 mortuo,

174 4187 195 4259 ¹)
215 4187 347 4254 Raynald.
367 4203 391 4244 a.
413 4189 482 4241 1518
501 4204 527 4240 n.
550 4187 607 4244 163.

172 4267 194 4336 ²)
214 4268 286 4323 Hist.
307 4268 385 4324 Cone.
404 4269 477 4322 Trid.
498 4268 529 4322 L.
549 4269 570 4324 1.
591 4285 611 4325 e.
634 4269 673 4322 13.
