2964 4912
408 499 531 552 Eventus
550 496 735 552 Declarationi
754 497 867 564 praevii.
1119 495 1171 548 327

55 667 168 707 suasma
183 667 284 729 supra
293 641 468 707 Ecclesiam
484 643 672 706 auctoritate
688 641 864 718 donavisse,
880 651 910 703 et
920 643 1081 704 Romanos
1093 640 1172 703 Pom-

56 742 145 825 tiflces
153 741 332 828 priuilepia
347 741 533 826 quibasdam
557 739 695 803 ecclesiis
717 740 798 802 sicat
815 739 961 802 ecclesiae
983 735 1173 801 Gallicanae

54 841 257 925 impertiisse;
284 837 427 904 Concilio
448 838 612 925 pcaeralio
635 838 767 922 denique
792 837 960 900 admodum
978 835 1075 899 utilia
1097 857 1173 918 esse,

53 960 112 1000 noa
135 948 243 1002 tamea
266 935 408 1001 absolate
438 938 653 1002 necessaria.“
698 934 923 999 Nihilominus
953 933 1016 997 hae
1046 942 1173 996 senten·

53 1037 113 1097 tiae
137 1034 241 1099 bilem
266 1045 441 1099 moverunt
464 1033 674 1099 Parlamento
698 1033 887 1115 Parisiensi,
915 1031 957 1095 ad
982 1031 1070 1117 quod
1094 1031 1173 1096 Jan-

54 1134 172 1196 senista
204 1132 340 1218 quidam
367 1133 480 1198 doctor
503 1132 650 1196 Thomas
672 1132 789 1195 Fortin
819 1152 875 1194 eas
909 1129 1096 1215 puniendas
1121 1128 1173 1192 de·

53 1230 176 1296 tulerat.
229 1229 330 1295 Citati
354 1252 373 1294 a
396 1231 605 1295 Parlamentc
636 1239 713 1293 sunt
736 1229 899 1293 Martinus
923 1226 1077 1292 Grandin
1101 1249 1175 1311 syn-

53 1327 143 1390 dicus
167 1328 368 1411 Facultatis‚
402 1329 531 1392 Drouet
561 1329 618 1414 qui
642 1327 786 1391 thesium
819 1326 1045 1390 defensionem
1069 1346 1175 1388 susce·

52 1436 155 1508 perat,
198 1434 231 1489 et
265 1424 320 1490 ille
360 1449 403 1491 ex
441 1425 681 1511 professoribus
720 1426 777 1512 qui
818 1425 927 1489 eidem
955 1422 1175 1510 praesederat.

52 1523 186 1587 Frustra
202 1525 247 1589 M.
264 1521 419 1588 Grandin
443 1525 571 1588 studuit
594 1525 778 1588 doctrinam
804 1522 1001 1587 catholicam
1025 1521 1176 1586 thesibus

1210 1018 1278 1058 Actio
1293 1018 1317 1055 tn

1198 1082 1331 1122 Sorbonam.

54 1631 241 1686 contentam
273 1622 316 1686 ab
349 1623 525 1687 invidiosis
559 1622 847 1687 criminationibus
878 1622 1068 1696 vindicare;
1104 1622 1176 1705 ipse

53 1721 305 1802 animadvertit,
337 1721 609 1786 infallibilitatem
633 1719 805 1784 Pontificis
828 1719 901 1784 illis
927 1719 1078 1783 thesibus
1109 1740 1176 1782 non

55 1819 224 1883 contineri.
272 1817 338 1882 Sed
362 1819 560 1883 Parlamenti
584 1818 721 1882 Praeses
746 1818 983 1900 contendebat,
1015 1839 1080 1882 non
1105 1839 1176 1880 esse

55 1914 241 1980 docendum
250 1967 258 1998 ,
295 1917 448 1981 Pontifici
480 1939 668 2002 supremam
702 1926 896 2002 potestatem
931 1917 965 1979 in
988 1915 1176 1980 Ecclesiam

55 2014 274 2098 convenire.¹)
311 2014 470 2080 Omnium
488 2038 566 2079 vero
591 2018 626 2080 in
652 2015 706 2078 illo
722 2018 854 2098 negotio
872 2015 982 2079 studia
1007 2016 1177 2100 superavit

55 2109 236 2197 Dionysius
252 2112 357 2176 Talon
382 2112 564 2177 advocatus
587 2112 760 2196 generalis,
786 2115 842 2198 qui
865 2115 983 2176 summi
1002 2111 1177 2176 Pontificis

55 2207 323 2275 infallibilitatem
340 2221 499 2296 tanquam
523 2213 610 2294 regis
626 2212 814 2275 auctoritati
832 2221 864 2275 et
879 2211 1057 2288 securitati,
1082 2211 1176 2294 regni

52 2303 195 2388 juribus,
221 2311 322 2373 totius
345 2309 548 2395 reipublicae
572 2309 660 2374 bono
684 2311 871 2388 inimicam,
904 2317 1081 2393 natamque
1105 2329 1176 2394 pro-

54 2406 212 2471 vocandis
237 2407 443 2472 subditorum
469 2406 699 2488 seditionibus,
722 2407 852 2492 prolixa
876 2429 915 2470 ac
939 2406 1085 2469 violenta
1109 2427 1173 2470 ora·

55 2502 138 2567 tione
172 2507 209 2568 in
235 2503 359 2569 Senatu
383 2507 581 2586 insectatus,
618 2514 650 2569 et
673 2527 711 2569 eo
736 2505 868 2569 demum
903 2526 1094 2591 progressus
1118 2514 1176 2586 est,

57 2607 89 2660 ut
117 2603 322 2689 quicumque
353 2603 544 2690 hujusmodi
570 2605 749 2668 sententias
773 2612 960 2684 tuerentur,
995 2623 1050 2666 eos
1074 2601 1177 2666 veluti

56 2700 297 2779 perturbatores
335 2703 427 2786 pacis
461 2712 494 2764 et
525 2701 636 2766 hostes
668 2701 872 2787 reipublicae
906 2699 1178 2764 eatraordiaoriis

52 2799 161 2876 poenis
197 2798 391 2884 plectendos
415 2801 654 2885 pronuntiaret.
701 2801 769 2863 Ivit
801 2800 836 2862 in
869 2798 956 2862 hanc
980 2799 1177 2862 sententiam

58 2889 210 2978 Senatus,
244 2905 276 2960 et
300 2896 355 2960 die
378 2898 440 2962 22⁰
462 2898 616 2963 Januarii
640 2896 717 2961 tulit
740 2897 909 2961 decretum
939 2917 1002 2982 quo
1026 2894 1177 2980 prohibe·

57 2986 164 3075 batur,
203 2996 380 3079 quominus
406 2996 567 3081 ejusmodi
593 2995 762 3060 doctrinae
788 2995 984 3059 docerentur
1007 3003 1039 3059 et
1062 3015 1177 3078 propo·

57 3100 219 3172 narentur,
245 3116 316 3156 sous
334 3096 431 3178 peine
447 3094 544 3157 d'itre
562 3093 700 3179 proce'de‘
720 3104 836 3156 contre.
875 3091 1071 3156 Mandatum
1087 3113 1178 3176 prae-

57 3191 141 3250 terea
171 3190 252 3269 fuit,
288 3200 325 3254 ut
355 3192 510 3256 Facultas
541 3190 724 3256 Serbonica
762 3190 826 3254 hoc
858 3189 1026 3253 decretum
1056 3188 1178 3254 tabulis

60 3285 121 3348 suis
145 3288 319 3368 insereret3
337 3299 438 3374 utque
462 3289 496 3352 id
521 3289 623 3371 fieret,
649 3298 722 3374 post
737 3289 953 3352 resistentiam
973 3289 1051 3350 satis
1067 3309 1177 3351 acrem

58 3379 192 3448 facultas
230 3386 363 3451 demum
388 3388 507 3452 adacta
543 3397 600 3452 est.
652 3387 773 3451 Debere
809 3388 907 3464 caim,
943 3388 989 3450 ita
1026 3385 1179 3449 definivit

62 3473 207 3565 Senatus,
232 3485 399 3569 quemlibet
420 3488 502 3572 repis
522 3485 691 3565 subditam,
717 3488 745 3549 si
767 3484 844 3570 qaid
858 3482 994 3548 Senatus
1014 3484 1177 3567 adiecisset,

60 3575 144 3642 uallo
178 3583 398 3666 disquisitione
426 3583 525 3669 sacta
558 3583 780 3669 obtemperare.
830 3581 928 3662 Quod
952 3581 994 3644 ad
1029 3581 1178 3644 doctores

61 3739 267 3755 K—

128 3847 148 3915 ¹)
166 3849 297 3916 Princeps
322 3849 437 3903 Senatus
456 3849 619 3903 Parisiensis
645 3854 705 3902 erat
731 3865 764 3903 ex
790 3865 860 3901 anno
881 3847 950 3901 1658
970 3844 1120 3899 Guilelmus
1145 3844 1179 3898 de

61 3917 229 3996 Lamoignon.
266 3929 328 3996 Ipse
347 3930 455 3997 quidem
473 3930 545 3984 omni
559 3929 769 3983 christianarum
783 3928 917 3982 virtutum
937 3941 1037 3995 genere
1056 3925 1177 3990 florebat,

62 3999 175 4070 alioquin
194 4013 286 4062 autem
305 4008 479 4078 praejudiciis
494 4009 622 4076 abreptus
641 4009 730 4076 palam
749 4007 935 4075 profitebatur,
955 4021 983 4060 se
996 4021 1054 4060 esse
1073 4010 1101 4059 et
1119 4005 1178 4060 fore

64 4091 160 4150 semper
177 4087 335 4142 libertatum
350 4089 456 4143 Galliae
475 4090 634 4144 acerrimum
653 4088 827 4145 defensorem.
866 4089 956 4154 Atque
975 4086 1105 4154 ejusmodi
1124 4085 1178 4140 viri

65 4157 146 4222 Plures
164 4166 237 4222 inter
254 4173 393 4223 senatores
413 4174 442 4223 et
461 4168 528 4222 alios
547 4168 652 4223 Galliae
670 4183 792 4236 proceres
812 4182 843 4222 ao
861 4172 982 4235 tempore
1000 4170 1087 4231 erant,
1108 4164 1178 4232 quod

64 4234 249 4301 observandum
268 4253 310 4302 est
329 4249 362 4302 ad
377 4264 492 4315 aequum
507 4248 639 4316 judicium
658 4248 690 4302 de
703 4247 889 4302 Gallicanismi
903 4246 1015 4316 negotio
1028 4245 1177 4300 ferendum.
