3288 4900
305 1797 370 1836 Finis
385 1795 465 1836 Conci·

368 1859 401 1899 lsr.

480 472 532 556 ilii
770 470 926 523 XXXVIII.
945 471 985 524 De
1005 470 1123 524 Concilio
1141 471 1310 527 Tridentino.

478 616 599 699 gentiis
624 613 746 677 decisio
771 613 934 699 prodiret;
960 614 1129 678 decretum
1154 615 1194 679 de
1212 615 1431 698 indulgentiis
1448 616 1584 680 videlicet

478 723 612 798 propter
640 714 810 796 angustias
841 713 998 798 temporis
1030 713 1218 777 confectum
1249 735 1314 776 non
1340 715 1457 779 suerat.
1504 715 1584 777 Nunc

478 832 556 874 vero
589 810 703 873 Patres
736 808 948 891 verebantur,
983 833 1025 874 ne
1055 811 1226 874 videretur
1258 814 1348 897 prior
1371 829 1425 874 'ex
1457 812 1585 875 articulis

479 907 651 971 catholicis
676 931 695 971 a
715 907 861 972 Luthero
886 909 1087 992 oppugnatis
1112 908 1252 972 debilior
1275 909 1378 973 fuisse
1404 921 1584 994 compertus,

477 1005 626 1090 adeoque
665 1028 684 1068 a
722 1005 1024 1090 propugnatoribus
1069 1007 1256 1071 destitutus.
1312 1007 1408 1072 Solus
1447 1007 1585 1072 Moronus

477 1113 592 1167 auctor
626 1115 696 1167 erat
734 1114 771 1167 ut
807 1106 1021 1184 omitteretur,
1061 1115 1118 1168 aut
1147 1107 1282 1186 veritus,
1320 1127 1361 1169 ne
1398 1108 1583 1169 contentioni

477 1201 626 1286 adeoque
650 1200 801 1265 dilationi
827 1202 961 1266 daretur
984 1226 1075 1284 ansa,
1105 1214 1163 1268 aut
1186 1216 1285 1284 ratus,
1318 1214 1355 1268 ut
1378 1204 1521 1286 dicebat,
1544 1205 1584 1268 ho·

477 1301 601 1364 nestius
632 1300 701 1364 fore
732 1300 909 1382 silentium,
942 1323 1042 1387 quam
1069 1302 1221 1387 jejunam
1246 1301 1334 1366 illius
1358 1305 1582 1367 tractationem.

476 1396 632 1483 Oportuit
654 1409 765 1462 tamen
790 1401 958 1462 communi
978 1399 1107 1484 judicio
1132 1400 1259 1465 cedere.
1293 1400 1477 1464 Decretum
1502 1404 1584 1484 igitur

477 1497 517 1560 de
530 1496 746 1580 indulgentiis
763 1520 782 1560 a
799 1499 879 1561 viris
903 1499 1111 1582 peritissimis
1136 1508 1169 1561 et
1192 1494 1354 1583 apparatu
1373 1499 1486 1581 studii,
1510 1499 1582 1584 quod

476 1593 587 1657 multis
612 1597 646 1658 in
670 1595 750 1658 locis
774 1603 806 1658 et
829 1593 939 1680 plures
968 1617 1072 1659 annos
1097 1597 1329 1679 praecesserat,
1359 1595 1478 1660 eadem
1503 1609 1582 1660 nocte

479 1692 643 1775 digestum
668 1702 717 1756 est
739 1693 881 1757 formula
905 1693 1226 1757 contradictionibus
1249 1716 1315 1757 non
1339 1694 1497 1759 obnoxia.

570 1790 641 1855 140.
691 1790 755 1854 Die
778 1793 816 1854 4⁰
841 1790 1036 1854 Decembris
1063 1793 1208 1877 primum
1233 1791 1403 1855 decretum
1429 1793 1470 1856 de
1493 1792 1582 1856 indul·

477 1890 598 1971 gentiis
623 1890 788 1951 sancitum
812 1889 884 1952 fuit.
925 1888 1051 1952 Addita
1076 1899 1153 1952 sunt
1176 1889 1241 1952 alia
1265 1889 1430 1975 quaedam
1457 1890 1580 1957 decreta

477 1988 656 2071 praecipua
696 1984 852 2048 videlicet
882 1984 923 2048 de
954 1986 1161 2068 observando
1194 1986 1323 2050 delectu
1360 1986 1520 2069 ciborum,
1551 1987 1580 2050 de

470 2085 608 2170 jejuniis
633 2093 665 2147 et
689 2083 806 2147 diebus
830 2084 932 2165 festis,
957 2106 1087 2148 necnon
1109 2084 1277 2148 decretum
1303 2084 1344 2148 de
1368 2081 1481 2148 indice
1503 2085 1580 2148 libro·

473 2204 547 2245 rum
573 2193 604 2244 et
629 2182 840 2263 catechismO,
865 2179 1032 2245 breviario
1058 2194 1089 2246 et
1105 2182 1242 2246 Missali.
1292 2182 1387 2262 Quae
1413 2183 1456 2246 'ad
1482 2183 1578 2246 haran

473 2303 583 2344 rerum
601 2282 771 2362 negotium
787 2279 1028 2342 absolvendum
1046 2280 1250 2364 spectabant,
1275 2281 1426 2344 Romano
1443 2281 1578 2345 Pontifici

474 2377 776 2442 committebantur.
801 2415 843 2423 -
867 2377 954 2440 Tum
970 2378 1137 2462 proposita
1154 2387 1203 2440 est
1217 2379 1343 2442 sanctio
1359 2388 1396 2441 ut
1411 2379 1579 2462 legerentur

474 2478 585 2540 omnia
609 2476 751 2557 decreta,
777 2498 862 2561 quae
886 2485 956 2539 tum
973 2475 1075 2539 Paulo
1093 2476 1144 2539 III
1167 2485 1237 2540 tum
1253 2474 1343 2541 Julio
1361 2477 1414 2540 III
1437 2477 1578 2542 Pontifice

474 2575 625 2638 confecta
655 2573 796 2655 fuerant,
828 2582 860 2635 et
891 2573 933 2636 ad
959 2573 1114 2657 dogmata
1139 2573 1236 2636 etad
1264 2595 1368 2638 mores
1394 2576 1578 2659 spectantia,

474 2672 575 2758 idque
599 2673 763 2735 universis
795 2671 920 2755 placuit
943 2671 1097 2734 Patribus
1121 2681 1154 2734 et
1177 2681 1348 2758 peractum
1373 2681 1433 2736 est.
1480 2672 1577 2754 Rogati

474 2770 618 2856 denique
642 2779 719 2833 sunt
741 2769 866 2851 Patres,
899 2791 977 2832 num
1003 2781 1088 2833 esset
1111 2771 1258 2853 ipsorum
1282 2760 1447 2850 voluntas„
1481 2782 1514 2833 ut
1534 2769 1575 2852 Sy·

474 2868 581 2931 nodus
599 2870 833 2932 terminaretur
849 2877 881 2930 et
894 2876 931 2930 nt
944 2867 1063 2950 Legati
1087 2870 1221 2931 nomine
1236 2865 1364 2952 Synodi
1390 2868 1574 2932 decretorum

474 2968 622 3030 omniurn
663 2966 949 3029 confirmationem
992 2975 1141 3048 peterent
1178 2989 1197 3029 a
1236 2966 1385 3030 Romano
1424 2968 1573 3032 Pontifice.

474 3063 604 3126 Placuit
618 3063 652 3126 id
668 3063 823 3127 omnibus
840 3072 981 3148 excepto
999 3061 1163 3126 Guerrero
1181 3063 1391 3145 Granatensi,
1418 3068 1476 3150 qui
1493 3085 1572 3150 usque

472 3162 516 3225 ad
541 3161 640 3224 finem
666 3161 767 3224 durus
791 3162 826 3224 in
851 3163 1061 3224 contentione
1085 3161 1272 3246 respondit:
1308 3162 1454 3244 „Placet
1479 3175 1513 3227 ut
1533 3162 1572 3244 Sy-

473 3261 580 3324 nodus
605 3259 806 3340 absolvatur,
842 3259 900 3322 sed
932 3259 1215 3323 confirmationem
1247 3281 1315 3322 non
1338 3262 1448 3343 peto.“
1498 3257 1572 3341 Quod

473 3357 610 3420 fortasse
643 3357 740 3437 dixit,
779 3357 971 3438 arbitratus,
1011 3355 1183 3441 Synodum
1217 3358 1318 3421 fuisse
1355 3357 1571 3436 confirmatam,

472 3465 633 3540 quantum
659 3457 737 3518 satis
761 3463 840 3536 erat,
873 3456 1303 3540 auctoritate‘Legatorum,
1333 3477 1416 3541 quos
1441 3457 1571 3522 Pontifex
1609 3472 1610 3476 ’

474 3554 616 3635 miserat,
648 3562 680 3616 et
704 3552 869 3616 mandatis
893 3576 977 3639 quae
1001 3553 1065 3618 illis
1089 3555 1272 3618 tradiderat
1295 3554 1335 3618 de
1359 3554 1460 3620 rebus
1483 3565 1570 3640 postea

472 3651 613 3713 statutis.

565 3749 637 3812 141.
685 3747 817 3830 Ingenti
841 3750 963 3832 gaudio
987 3750 1102 3814 Patres
1126 3751 1235 3814 affecti
1261 3763 1347 3837 sunt,
1374 3754 1505 3838 quando
1519 3771 1568 3836 per-

472 3844 609 3908 ductum
635 3844 677 3908 ad
694 3848 819 3909 exitum
835 3848 1144 3911 animadverterunt
1164 3860 1237 3934 post
1254 3851 1567 3915 decimumoctavum

472 3965 597 4005 annum
635 3965 719 4028 opus
757 3953 804 4007 tot
841 3944 1010 4008 laboribus
1034 3948 1214 4030 spinosum,
1252 3957 1301 4011 tot
1339 3945 1566 4013 difficultatibus
1612 3936 1613 3947 ¹

471 4040 629 4121 arduum,
668 4050 717 4104 tot
752 4041 916 4106 fructibus
953 4043 1110 4129 locuples.
1164 4046 1387 4111 Accesserant
1424 4041 1564 4110 communi

470 4137 594 4220 gaudio
619 4139 721 4201 festae
745 4139 1012 4204 acclamationes.
1058 4142 1132 4206 Hae
1157 4166 1176 4206 a
1201 4141 1370 4208 Cardinali
1388 4143 1563 4221 Lotharingo

472 4237 674 4320 compositae
705 4259 763 4322 pro
799 4260 889 4302 more
925 4251 1075 4303 veterum
1100 4239 1310 4330 Synodorum
1343 4253 1375 4306 et
1408 4243 1449 4307 ab
1472 4239 1560 4304 eodan
