3288 4900
459 481 515 534 *138
626 500 629 505 ·
722 544 723 547 Ἴ
778 480 932 557 XXXVIII.
952 481 993 535 De
1011 480 1129 536 Concilio
1147 480 1316 537 Tridentino.

289 625 496 728 ffiffiiijfsssjjin
522 623 667 689 Galliam
701 637 736 687 ut
768 624 914 707 legatum
946 624 1158 689 Cardiualem
1183 614 1443 702 Ferrariensem,
1477 627 1588 709 regiae

348 749 387 788 ru.
462 721 609 787 familiae
634 743 755 805 genere
777 722 924 803 affinem,
950 723 1041 808 isque
1058 744 1126 786 rem
1145 721 1340 786 catholicam
1367 723 1498 785 studuit
1521 744 1585 808 pro·

461 841 612 900 movere,
645 820 701 883 sed
734 842 843 882 rerum
876 819 1037 905 adjuncta
1067 822 1197 884 invenit
1226 820 1308 883 adeo
1342 820 1513 902 difficilia,
1554 831 1587 884 ut

460 917 685 982 moderatione
710 919 813 981 nimia
837 917 906 980 fere
930 920 962 981 et
986 939 1168 1003 permagna
1195 919 1388 982 remissione
1422 920 1471 981 uti
1499 919 1583 981 vide·

459 1026 556 1080 retur.
584 1015 695 1096 Quum
710 1015 834 1080 Romae
850 1017 975 1079 nimiae
998 1016 1143 1080 lenitatis
1158 1038 1198 1079 ac
1214 1018 1418 1080 remissionis
1435 1038 1584 1100 arguere·

360 1145 362 1150 v
458 1128 521 1195 tur,
546 1112 681 1177 modum
705 1113 825 1198 agendi
851 1113 1030 1177 defendere
1053 1113 1189 1194 studuit,
1214 1125 1284 1176 tum
1307 1115 1405 1178 misso
1433 1114 1586 1178 Nichetto

459 1212 580 1276 abbate
603 1211 667 1275 sibi
691 1235 710 1274 a
734 1212 879 1291 secretis,
904 1225 974 1275 tum
1000 1212 1086 1275 datis
1109 1211 1227 1275 litteris
1251 1217 1378 1293 (mense
1401 1211 1583 1276 Novembri

461 1309 562 1396 1561)
592 1309 635 1373 ad
659 1308 857 1372 Pontificem
888 1320 921 1372 et
945 1308 1157 1373 Cardinalem
1182 1309 1431 1391 Borromaeum,
1467 1312 1587 1396 quibus

459 1417 579 1471 statum
617 1429 728 1470 rerum
767 1409 801 1470 iu
835 1405 945 1471 Gallia
981 1417 1136 1470 accurate
1176 1407 1395 1472 describebat.
1456 1408 1584 1492 Agebat

458 1507 581 1592 gratias
603 1505 759 1569 Pontifici
784 1504 872 1590 quod
896 1504 1000 1569 libere
1024 1527 1100 1568 eum
1125 1507 1325 1586 monuisset3
1357 1504 1525 1588 addebat,
1555 1517 1586 1568 ut

459 1605 670 1668 verissimum
696 1612 775 1686 erat,
800 1601 866 1666 alia
891 1625 1006 1666 norma
1030 1625 1099 1666 esse
1123 1603 1314 1666 tractandas
1339 1625 1389 1666 res
1405 1603 1582 1689 religionis,
1642 1637 1643 1643 .

458 1700 523 1766 alia
547 1724 599 1765 res
622 1700 791 1787 politicas,
825 1704 870 1765 ita
894 1701 927 1765 id
952 1724 972 1764 a
996 1723 1030 1765 se
1054 1703 1153 1765 etiam
1186 1710 1256 1764 tum
1281 1710 1451 1764 servatum
1478 1702 1581 1781 fuisse,
1642 1711 1643 1715 ’

460 1803 523 1865 nisi
557 1803 781 1887 perspexisset
813 1798 847 1863 iu
881 1800 1068 1884 praesentia
1102 1820 1167 1864 uon
1198 1799 1296 1863 modo
1327 1798 1449 1862 alteras
1479 1798 1584 1864 alteris

459 1921 529 1963 esse
543 1901 736 1985 permixtas,
753 1898 811 1961 sed
823 1896 1017 1982 religionem
1033 1919 1157 1961 merum
1173 1919 1244 1960 esse
1257 1896 1398 1961 colorem
1413 1900 1582 1977 extimum,
1636 1948 1639 1984 ,

460 1996 636 2061 utilitatem
661 2018 740 2060 varo
765 1995 935 2081 politicam
960 2018 1029 2059 esse
1045 1994 1243 2059 soliditatem
1260 1997 1424 2061 intimam.
1458 1995 1586 2060 Idcirco
1635 1984 1639 2052 i

460 2119 494 2160 se
519 2095 582 2160 sibi
608 2097 820 2181 persuasisse,
846 2096 1008 2178 optimum
1031 2093 1101 2157 fore
1126 2092 1312 2174 consilium,
1338 2096 1364 2157 si
1389 2093 1584 2159 benevolen-

460 2204 527 2258 tem
553 2197 587 2257 iu
612 2216 726 2257 omnes
749 2194 899 2256 animum
916 2192 1164 2278 praeseferret,
1189 2202 1222 2255 et
1237 2191 1348 2276 palam
1361 2193 1443 2276 ipsis
1457 2193 1583 2271 faceret,

461 2295 645 2356 maximum
676 2290 888 2354 commodum
914 2292 1012 2354 etiam
1038 2290 1192 2374 politicae
1217 2289 1370 2353 utilitatis
1394 2310 1439 2353 ex
1464 2313 1503 2355 eo
1527 2290 1587 2354 illis

461 2389 724 2475 exspectandum
757 2410 838 2468 esse,
872 2387 960 2473 quod
994 2385 1176 2452 Catholicis
1206 2388 1436 2454 adhaererent.
1496 2390 1526 2453 A
1554 2410 1587 2451 se
1637 2394 1640 2417 ⁵

461 2489 607 2575 quidem,
643 2490 697 2552 cui
731 2508 810 2572 prae
842 2485 1000 2550 manibus
1031 2508 1113 2571 opus
1146 2487 1270 2567 aderat,
1304 2508 1371 2550 non
1403 2488 1515 2552 videri
1538 2508 1586 2550 res
1638 2563 1639 2571 ἵ

459 2586 630 2672 religionis
652 2588 687 2650 iu
712 2584 822 2649 Gallia
845 2586 892 2648 ita
916 2584 1087 2669 collapsas,
1113 2594 1148 2647 ut
1173 2585 1214 2648 de
1238 2586 1279 2648 iis
1303 2593 1390 2648 esset
1415 2584 1583 2669 desperari·
1638 2582 1644 2665 Q

461 2685 561 2766 dum,
601 2706 665 2769 quo
700 2705 778 2748 casu
811 2705 846 2746 se
879 2685 1016 2746 minime
1048 2684 1357 2767 praetermissurum
1393 2703 1583 2767 generosam
1638 2704 1639 2715 ¹

460 2781 550 2846 illam
574 2782 696 2865 agendi
720 2783 892 2861 rationem,
924 2802 1009 2866 quae
1033 2779 1228 2844 Pontificem
1253 2801 1293 2844 ac
1315 2802 1351 2844 se
1375 2781 1490 2865 ipsum
1513 2780 1583 2844 libe·

459 2889 548 2943 raret
584 2880 626 2944 ab
666 2881 756 2943 omui
794 2890 887 2959 nota,
931 2882 1003 2942 sive
1039 2881 1243 2944 couscientia
1278 2881 1349 2942 sive
1385 2881 1584 2944 existimatio

460 2987 681 3063 spectaretur3
707 2979 763 3042 sed
783 2980 918 3042 unicam
942 2977 1041 3063 plane
1058 2979 1147 3041 viam
1173 3000 1214 3041 ne
1238 3000 1290 3041 res
1315 2977 1581 3062 desperaretura

459 3076 595 3141 lenitate
628 3078 761 3160 aperiri.
795 3114 838 3122 -
872 3075 985 3154 Quum
1017 3076 1141 3138 Romae
1173 3085 1295 3139 statum
1328 3073 1461 3139 Galliae
1493 3075 1581 3162 plane

461 3173 671 3259 desperatum
697 3195 768 3237 esse
793 3173 871 3237 iude
896 3173 1143 3254 concluderent,
1169 3174 1257 3258 quod
1273 3172 1384 3237 nullus
1408 3196 1453 3237 ex
1469 3176 1579 3259 episco-

459 3275 511 3357 pis
535 3272 578 3338 ad
603 3269 792 3336 Concilium
816 3273 1019 3354 accessisset,
1038 3271 1206 3353 ostendit,
1239 3272 1301 3337 hoc
1333 3282 1532 3354 argumento
1553 3267 1577 3331 id

459 3392 527 3434 non
551 3370 682 3434 confici.
708 3370 824 3454 Ipsum
849 3391 928 3433 sane
943 3390 1141 3434 concursum
1163 3369 1206 3433 ad
1220 3369 1420 3449 Concilium,
1447 3373 1578 3456 quierat

460 3470 554 3554 quasi
579 3477 712 3548 tessera,
743 3489 809 3552 qua
834 3464 998 3531 Catholici
1027 3466 1069 3531 ab
1094 3467 1269 3531 haereticis
1302 3467 1576 3543 discernebantur,

460 3703 489 3752 et
513 3698 583 3753 hanc
609 3714 740 3752 summam
766 3697 943 3753 consulebant
967 3704 1089 3751 mutuam
1114 3698 1178 3751 dare
1197 3697 1356 3751 civitatibus
1385 3699 1419 3753 ad
1440 3697 1579 3767 augendam

459 3778 670 3846 prosperitatem
689 3777 776 3845 regni.
814 3778 858 3830 Ex
875 3777 997 3845 pecuniis
1023 3793 1072 3844 pro
1096 3778 1205 3832 foenore
1230 3778 1357 3842 obtentis,
1385 3779 1489 3832 muniri
1515 3788 1577 3845 posse

460 3874 536 3914 arces
554 3859 589 3913 sd
602 3858 792 3913 custodiendos
810 3858 891 3925 regni
904 3857 979 3923 fines,
998 3858 1154 3924 militesque
1172 3859 1289 3925 armari3
1308 3864 1444 3925 emptores
1463 3859 1576 3913 bonorum

460 3939 704 3995 ecclesiasticorum
732 3938 767 3992 ad
790 3943 895 3992 statum
919 3937 1039 3992 nobilem
1060 3953 1137 4006 posse
1156 3939 1265 4003 elevari,
1294 3955 1326 3992 ac
1344 3939 1408 3993 dein
1427 3954 1473 3994 eos
1500 3935 1576 3992 fideles

460 4019 518 4074 iore
536 4021 661 4076 ruallus.
700 4020 787 4075 Plura
810 4019 868 4072 alia
880 4034 1053 4085 :proposuere
1081 4019 1286 4086 planesimiiis
1299 4019 1342 4073 iis·
1353 4033 1424 4085 quse
1442 4019 1478 4073 iu,
1490 4028 1575 4084 magus

460 4099 632 4154 revolutione
656 4098 966 4153 saeculi'decimioctavi
985 4103 1093 4152 statuta
1117 4104 1199 4166 suut;
1225 4114 1257 4152 ex
1284 4115 1335 4165 qrro
1354 4098 1439 4163 rides,
1464 4108 1576 4166 perverso

459 4180 509 4234 ilia
527 4179 663 4247 principia
678 4179 736 4247 jam
755 4185 838 4233 antea
858 4177 984 4235 adfuisse.
1006 4208 1037 4219 -
1058 4179 1128 4232 Vide
1146 4179 1213 4233 haec
1231 4195 1274 4246 ap.
1293 4179 1399 4243 Raulie
1422 4179 1507 4233 Fraus
1533 4173 1573 4227 Ge

459 4259 587 4324 subicite,
606 4259 637 4312 Τ.
656 4259 679 4314 1.
698 4276 725 4326 p.
741 4261 798 4314 1233
816 4274 873 4325 sqq.
