3288 4900
471 471 529 528 ,ιω
765 471 922 528 XXXVIII.
942 471 1127 527 De'Gonoilio
1142 474 1309 530 Tridentino.

324 621 444 698 ”lewe
567 617 640 681 117.
688 616 756 679 Vix
780 638 848 680 una
870 617 1092 680 commotione
1117 621 1305 702 praeterita,
1326 620 1433 685 altera
1456 623 1592 685 excitata

345 691 435 727 ”m
473 715 547 796 fuit,
579 724 611 778 et
641 715 675 778 in
700 713 841 778 alterum
866 714 1065 798 Hispanum,
1095 716 1129 779 in
1153 726 1303 802 posterae
1324 718 1396 783 diei
1421 729 1590 795 conventu.

473 812 621 878 Jacobus
645 811 804 877 Gibertus
834 836 854 876 a
884 812 1246 900 Nogueraepiscopus
1270 815 1462 901 Aliphanus
1494 817 1533 881 de
1562 840 1593 880 re
1637 842 1638 849 ¹

474 912 641 998 proposita
666 910 841 995 disserens,
864 912 975 996 coepit
999 912 1379 999 ostendere,=episcopos
1403 916 1503 979 etiam
1526 926 1594 1000 post

475 1019 613 1074 mortem
638 1007 871 1093 Redemptorie
905 1030 973 1072 non
1011 1009 1111 1074 fuisse
1129 1046 1131 1058 ›
1150 1012 1317 1076 institutos
1355 1023 1388 1077 et
1421 1023 1594 1078 vocatosa

474 1109 582 1187 Petro,
614 1106 672 1170 sed
696 1129 717 1170 a
741 1106 883 1189 Christo,
916 1108 1014 1171 sicuti
1035 1107 1211 1174 Matthiam
1233 1128 1274 1174 ac
1298 1110 1499 1178 Barnabam.
1547 1111 1594 1176 Se·

469 1206 679 1291 junctionem
702 1214 736 1268 et
759 1206 1040 1271 consecrationem
1064 1207 1155 1291 apud
1177 1207 1489 1290 homines'manere,
1514 1220 1594 1294 pote·

475 1305 569 1369 statis
592 1324 671 1367 vero
696 1301 906 1367 collationem
931 1325 1001 1367 esse
1017 1303 1144 1370 Christi
1169 1327 1260 1390 opus.
1286 1343 1329 1355 --
1354 1299 1420 1373 Sed
1437 1306 1482 1371 ab
1499 1309 1593 1371 Hosio
1638 1386 1639 1394 ἵ

475 1410 642 1467 correctus
674 1409 732 1481 est,
768 1422 870 1485 quum
894 1401 1099 1465 Mantuanus
1131 1411 1163 1466 et
1192 1401 1398 1489 Seripandus
1431 1406 1592 1469 abessent:

475 1498 678 1586 Hujusmodi
703 1497 950 1563 dissertationes
974 1522 1037 1563 nec
1060 1501 1210 1565 conferre
1234 1512 1439 1586 argumento,
1475 1526 1538 1566 nec
1560 1502 1593 1566 ad

474 1597 742 1664 aedificationem
766 1595 824 1659 sed
847 1597 891 1660 ad
916 1596 1176 1662 destinationem
1192 1599 1325 1682 valere3
1349 1623 1411 1665 nec
1428 1602 1592 1686 episcopos

473 1698 592 1762 decere
616 1695 658 1760 de
679 1715 835 1779 supremo
859 1696 1006 1780 ipsorum
1031 1695 1439 1783 Principequaestionem
1464 1701 1587 1783 agitare.

476 1793 745 1859 Controversiam
777 1814 852 1856 cum
883 1792 1059 1857 haereticis
1092 1816 1172 1875 esse,
1205 1818 1248 1859 an
1281 1797 1429 1881 episcopi
1462 1796 1590 1860 electis

473 1893 623 1958 Romano
648 1890 812 1955 Pontifice
841 1894 1047 1955 variassent
1077 1895 1225 1978 episcopi·
1248 1903 1280 1957 et
1303 1917 1324 1957 a
1348 1894 1483 1959 Christo
1514 1895 1592 1958 insti·

473 1992 556 2072 tuti3
580 1997 748 2053 ettamen
773 1989 935 2074 quosdam
960 1989 1028 2054 illio
1052 1990 1179 2072 audiri,
1203 1994 1259 2076 qui
1284 2013 1302 2054 e
1326 1993 1493 2056 contrario
1518 1992 1593 2055 affir-

475 2111 566 2154 mare
589 2086 759 2168 auderent,
783 2108 881 2171 posse
902 2089 1008 2152 creari
1033 2089 1215 2174 episcopos,
1249 2111 1331 2174 quos
1354 2089 1512 2154 Pontifex
1537 2111 1592 2152 non

474 2186 716 2270 assumpsisset.
763 2185 893 2249 Idcirco
925 2186 1200 2267 nominarentur,
1235 2187 1333 2272 quod*
1348 2207 1592 2271 nonnunquam,

475 2287 554 2352 dum
580 2284 759 2348 sententias
784 2282 933 2347 dicerent
956 2283 1254 2369 interpellarentur,
1286 2285 1420 2370 quando
1452 2286 1499 2348 rei
1533 2306 1593 2369 pro·

474 2385 600 2470 positae
624 2383 673 2446 uti
696 2404 757 2467 par
780 2390 860 2463 erat,
894 2381 977 2446 haec
1008 2384 1145 2447 minime
1169 2383 1425 2468 respondebant.
1461 2419 1503 2430 --
1536 2379 1593 2446 Sed

475 2481 663 2566 Aliphanus
686 2481 843 2563 reposuit,
869 2479 948 2543 dum
968 2480 1158 2566 jurisdictio
1183 2483 1415 2567 episcoporum
1439 2480 1593 2565 expende

475 2580 587 2658 batur,
626 2599 709 2663 opus
748 2599 818 2640 esse
850 2578 891 2641 de
924 2578 1096 2662 pontificia
1127 2580 1461 2664 quoquedisserere.
1517 2579 1593 2642 Cum

474 2677 692 2742 Granatensis
716 2675 760 2739 ad
781 2675 988 2760 Aliphanum
1013 2676 1261 2740 defendendum
1284 2687 1481 2763 assurgeret,
1505 2687 1538 2741 et
1559 2694 1593 2739 ex

474 2776 578 2841 altera
601 2783 695 2859 parte
720 2773 880 2855 Caselius,
917 2775 1013 2859 quasi
1037 2797 1057 2838 a
1081 2771 1282 2839 Granatensi
1306 2776 1509 2860 perstrictus,
1530 2776 1592 2860 jam

476 2874 643 2938 eontentio
668 2881 700 2934 et
724 2870 927 2935 dilatabatur
943 2881 976 2935 et
992 2871 1273 2937 inflammabatur.
1313 2874 1400 2937 Tum
1417 2872 1592 2938 Simonetta

474 2981 559 3035 nutu
576 2968 743 3035 Caselium
768 2971 897 3033 monuit
920 2980 957 3033 ut
982 2979 1115 3051 taceret,
1140 2973 1422 3056 agitationemque
1438 2972 1494 3034 ita
1517 2993 1592 3034 com·
1640 2966 1641 3060 l

476 3070 630 3156 pesouit.
661 3067 841 3151 Postquam
872 3088 952 3131 vero
977 3066 1166 3152 Aliphanus
1197 3068 1297 3132 finem
1328 3068 1488 3154 loquendi
1513 3069 1589 3147 feeit,

474 3168 600 3231 Hosius
617 3158 748 3244 iterum,
773 3163 1010 3250 comprobante
1022 3165 1238 3250 Lotharingo,
1249 3196 1250 3199 ¹
1263 3166 1311 3230 illi
1323 3168 1482 3252 proximo
1500 3167 1590 3231 dixit:

476 3265 519 3330 Se
543 3263 678 3349 quidem
710 3264 910 3344 existimare,
945 3272 1065 3328 cuneta
1095 3266 1130 3327 in
1160 3285 1200 3327 ea
1231 3269 1443 3329 sacrosancta
1468 3263 1587 3349 Synodo

475 3373 564 3426 recto
588 3361 759 3445 religionis
782 3360 891 3425 studio
923 3361 1079 3446 proferri,
1111 3362 1168 3425 sed
1193 3384 1307 3427 veram
1342 3364 1586 3427 controversiam

475 3462 563 3524 inter
587 3459 776 3525 Catholicos
799 3468 832 3522 et
855 3457 1039 3524 haereticos
1063 3462 1160 3524 ineo
1185 3460 1290 3525 solum
1314 3463 1410 3525 sitam
1436 3483 1518 3542 esse,
1546 3457 1588 3523 ad·

478 3558 631 3622 mittendi
654 3577 760 3620 necne
784 3567 895 3622 essent
916 3567 1074 3644 tanquam
1099 3559 1246 3644 episcopi
1269 3556 1411 3642 legitimi
1436 3559 1471 3639 ii,
1504 3559 1589 3645 quia

477 3677 606 3720 summo
629 3655 790 3719 Pontifice
815 3653 1023 3738 eligerentur.
1071 3655 1125 3720 Ab
1149 3656 1212 3720 hac
1238 3666 1351 3720 autem
1376 3655 1589 3720 controversia

476 3753 603 3817 alienas
625 3754 767 3835 omnino.
786 3775 857 3816 esse
881 3753 1123 3838 disputationes
1140 3753 1222 3835 illas,
1239 3775 1327 3831 num
1345 3756 1446 3817 etiam
1463 3750 1588 3838 legitimi

477 3851 623 3935 episcopi
647 3850 774 3936 absque
793 3850 1028 3936 hujuscemodi
1054 3850 1308 3933 electioneesse
1337 3862 1492 3936 possent,
1521 3850 1588 3935 quin

478 3949 557 4013 dum
582 3948 645 4011 hoc
668 3947 908 4031 affirmabatur,
940 3949 1095 4035 adjuvari
1126 3950 1237 4034 potius
1266 3949 1485 4013 aduersarios
1502 3966 1587 4034 quarn

478 4047 709 4130 impugnari.¹)
734 4085 776 4093 -
801 4046 1006 4132 Aliphanum
1030 4046 1191 4132 replicare
1216 4056 1392 4110 conantem
1418 4046 1588 4112 Simonstta

554 4259 575 4328 ¹)
593 4257 648 4315 Cir.
662 4258 791 4312 Pallavic.
810 4259 840 4312 L.
854 4258 929 4315 XIX.
949 4257 975 4312 0.
990 4258 1022 4312 V.
1043 4288 1075 4297 -
1095 4256 1213 4313 Theiner
1225 4262 1295 4312 Acta
1308 4258 1387 4312 Ocno.
1401 4257 1475 4315 urin
1488 4255 1522 4311 ΙΙ,
1536 4252 1585 4308 tet.
