3288 4900
458 427 523 485 172-
745 431 902 489 XXXVIII.
924 433 961 486 lle
980 432 1098 486 Concilio
1117 433 1286 489 Tridentino.

457 574 557 639 nibus
589 577 623 639 in
654 598 691 640 eo
723 577 864 658 statutis,
901 575 999 639 simul
1034 578 1134 639 etiam
1163 577 1305 641 stimulis
1328 577 1476 663 adjectis.
1517 576 1563 641 Sic

457 675 559 756 igitur
582 676 821 758 exspectationi
847 684 989 759 votoque
1012 673 1186 738 hominum
1216 678 1350 739 omnino
1375 675 1563 738 satisfactum

457 772 548 853 est.¹)

271 912 400 985 ,limentur
410 915 446 953 1¹0·
549 907 622 971 131.
669 905 848 991 Postquam
880 904 1019 968 feliciter
1047 907 1147 969 sessio
1173 907 1434 990 vigesimatertia
1466 905 1565 970 habita

291 977 400 1078 “³223
413 987 446 1015 ω’
457 1013 515 1084 est,
541 1002 694 1067 alacriter
709 1003 865 1088 Synodus
887 1002 1028 1067 labores
1042 1026 1118 1067 suos
1133 1005 1352 1085 continuavit,
1378 1014 1411 1068 et
1427 1007 1566 1090 quamvis

455 1101 567 1166 adhuc
591 1103 692 1165 variis
717 1100 892 1165 eventibus
917 1124 1108 1186 progressus
1132 1099 1274 1166 Concilii
1298 1103 1449 1166 turbatus
1471 1103 1566 1185 fuerit,

456 1201 501 1262 ita
526 1209 562 1263 ut
586 1199 627 1263 dc
651 1201 867 1285 suspensione
892 1199 1076 1263 identidem
1100 1199 1257 1264 Pontifex
1290 1211 1322 1264 et
1346 1200 1464 1284 Legati
1494 1202 1566 1283 cogi·

455 1308 573 1380 tarent,
598 1301 916 1362 univcrsim'tamcn
942 1300 1093 1384 pacatius
1118 1299 1240 1363 exinde
1263 1321 1315 1362 res
1339 1307 1566 1383 processerunt.

456 1395 566 1481 Atque
602 1398 765 1481 imprimis
796 1418 924 1460 summo
957 1396 1086 1459 fervore
1117 1397 1232 1460 Patres
1265 1396 1510 1477 adlaborarunt,
1539 1407 1568 1457 ut

455 1493 698 1558 reformationis
729 1494 885 1558 articulos
918 1494 1139 1579 disponerent.
1189 1495 1265 1575 Qua
1296 1497 1330 1558 in
1360 1516 1395 1556 re
1424 1493 1566 1557 Pontifex

455 1613 549 1655 suam
574 1591 752 1656 exercebat
774 1594 1014 1671 auctoritatem,
1051 1615 1118 1656 non
1142 1593 1184 1656 ad
1209 1615 1265 1656 eos
1288 1591 1488 1674 retinendos,
1519 1591 1567 1654 sed

455 1689 683 1771 stimulandos,
700 1693 749 1755 uti
762 1691 853 1755 hisce
866 1691 978 1755 verbis
991 1691 1210 1756 Borromaeus
1223 1693 1265 1756 ad
1277 1691 1420 1776 Legatos
1435 1692 1566 1776 scripsit:

457 1788 563 1872 „Cum
582 1789 823 1853 emendationis
835 1798 1031 1873 argumenta
1044 1791 1111 1854 sint
1126 1812 1164 1853 ea
1181 1813 1266 1876 quae
1279 1791 1447 1876 principes
1463 1799 1568 1872 urgent

454 1907 556 1969 supra
579 1884 716 1970 reliqua,
748 1896 840 1971 optat
863 1887 1028 1967 Pontifex,
1061 1897 1098 1951 ut
1121 1889 1154 1950 in
1180 1887 1263 1952 haec
1288 1889 1401 1952 nervis
1426 1887 1566 1950 omnihus

455 1985 625 2047 insumant
648 1972 802 2069 operam,
817 1995 936 2049 cuncta
961 1984 1099 2049 honesta
1123 1988 1156 2049 in
1181 1985 1233 2049 his
1257 1986 1469 2068 indulgentes
1492 1985 1566 2069 prin·

454 2081 596 2164 cipibus,
621 2104 850 2167 quaecumque
867 2084 930 2167 ipsi
946 2085 1120 2168 cupierint,
1145 2106 1249 2170 quum
1267 2085 1402 2148 omnino
1420 2092 1565 2147 statutum

455 2178 608 2243 Pontifici
633 2182 683 2261 sit,
709 2180 794 2244 velle
818 2190 851 2244 et
873 2181 947 2266 plus
972 2204 1072 2267 quam
1090 2182 1175 2246 velle
1199 2183 1287 2247 hanc
1312 2182 1564 2246 emendationem

453 2300 494 2340 ea
517 2280 654 2359 ratione,
685 2302 770 2365 quae
793 2278 836 2343 ad
861 2279 1056 2365 obsequium
1081 2281 1155 2360 Dei,
1182 2291 1214 2344 et
1236 2279 1428 2344 universale
1452 2280 1564 2343 bonum

452 2376 612 2460 expedire
636 2375 731 2440 vobis
755 2376 934 2441 videbitur.
983 2377 1081 2458 Quod
1106 2378 1187 2443 mihi
1211 2379 1337 2464 placuit
1369 2377 1425 2441 hio
1457 2378 1563 2455 dicere,

454 2495 522 2536 non
553 2474 649 2538 modo
681 2497 745 2560 quo
776 2486 901 2539 rectam
926 2475 1098 2540 Pontificis
1132 2487 1276 2541 mentem
1301 2475 1504 2556 testificares,
1533 2472 1566 2536 de

454 2593 521 2656 qua
556 2584 761 2657 compertum
793 2573 875 2636 mihi
908 2583 958 2636 cst
997 2597 1055 2637 vos
1091 2598 1161 2638 esse
1198 2577 1406 2654 certissimos,
1448 2573 1504 2638 sed
1533 2593 1566 2634 ne
1627 2621 1628 2624 ,

455 2683 585 2755 tempus
615 2672 728 2734 teratis
759 2670 900 2757 amplius
931 2673 965 2735 in
1000 2673 1141 2756 petendo
1172 2673 1250 2737 hinc
1282 2671 1438 2753 consili0,
1476 2689 1565 2754 eoque

454 2769 553 2831 citius
577 2769 735 2853 expedire
757 2768 853 2832 vobis
876 2767 975 2832 liceat
989 2769 1022 2832 id
1039 2770 1127 2855 quod
1144 2781 1301 2856 superest,
1327 2780 1360 2833 et
1383 2769 1565 2852 adglorian

454 2889 495 2929 ac
517 2866 651 2930 laudem
676 2868 739 2930 Dei
764 2869 911 2951 receptui
937 2869 1120 2952 canere.“²)

548 3021 620 3083 132.
669 3018 880 3104 Quapropter
904 3018 946 3082 ad
971 3018 1005 3081 id
1030 3019 1256 3103 peragendum
1288 3019 1381 3103 prius
1410 3011 1565 3080 Cardinali

454 3116 659 3200 Lotharingo
685 3117 762 3180 dein
783 3115 979 3180 Oratoribus
1003 3126 1134 3181 ostensa
1158 3117 1292 3180 fuerunt
1316 3117 1426 3200 capita
1449 3114 1566 3177 futurae

451 3217 592 3278 sessioni
625 3224 820 3300 praeparata
852 3222 883 3276 et
913 3216 947 3276 in
981 3213 1303 3298 Congregationibus
1343 3209 1564 3276 examinanda.

457 3312 688 3396 Quadraginta
713 3314 777 3377 duo
802 3313 936 3389 fuerunt
960 3311 1016 3374 illa
1040 3315 1151 3397 capita
1175 3332 1207 3374 et
1230 3310 1393 3396 ejusmodi
1412 3308 1563 3395 ponderis,
1628 3366 1629 3369 ,

454 3421 492 3473 ut
515 3410 688 3474 evellerint
711 3409 845 3474 tandem
871 3431 912 3472 ex
937 3411 1058 3473 animis
1075 3408 1252 3475 Oratorum
1278 3409 1469 3493 opinionem
1492 3423 1563 3490 quae

454 3506 520 3570 illis
560 3510 692 3591 penitus
724 3507 828 3571 infixa
859 3517 957 3571 antea
987 3507 1174 3584 videbatur,
1211 3505 1370 3571 videlicet
1400 3527 1482 3590 opus
1509 3521 1563 3587 quo

454 3607 609 3687 graviora
638 3607 896 3670 reformarentur
927 3627 1097 3690 nunquam
1134 3605 1176 3670 ad
1209 3605 1308 3668 tinem
1340 3594 1561 3689 perventurum

456 3725 536 3782 esse,
562 3724 599 3766 eo
625 3704 712 3788 quod
739 3703 901 3790 ejusmodi
926 3703 1193 3767 reformationem
1211 3702 1364 3766 Pontifici
1389 3712 1422 3764 ct
1444 3697 1561 3783 Legatis

456 3800 603 3865 odiosam
628 3812 809 3868 censerent.
835 3841 876 3850 —
903 3803 1059 3865 Pontifex
1083 3801 1123 3865 ad
1148 3803 1258 3886 capita
1283 3798 1346 3863 sibi
1371 3801 1470 3862 missa
1492 3799 1561 3860 inter

455 3899 521 3963 alia
553 3921 612 3985 per
642 3898 853 3964 Cardinalem
885 3900 1121 3963 Borromaeum
1151 3898 1339 3983 respondit:
1383 3898 1475 3978 ,Non
1504 3889 1561 3955 vult

530 4141 548 4206 ¹)
570 4139 610 4194 of.
630 4139 810 4194 111111.
830 4139 905 4197 xxi.
925 4139 954 4193 c.
974 4138 1051 4193 xm.

529 4220 551 4290 9)
571 4221 638 4274 nro.
658 4220 688 4277 1.
708 4220 797 4277 xxn.
817 4220 846 4277 c.
866 4219 887 4272 1.
908 4236 933 4276 n.
949 4221 991 4273 12.
