3020 4908
369 486 409 542 De
428 485 605 540 Pontificibus
624 485 725 540 saeculi
744 485 849 543 XVIII.
1118 485 1173 541 393

62 630 223 694 vindicare
258 632 435 711 niteretur,
473 640 505 694 et
540 630 702 692 Nuntium
738 651 780 693 ex
807 629 973 714 Hispania
1007 640 1172 712 avocaret,

61 727 212 810 gubernia
235 729 418 812 Hispaniae
443 737 476 790 et
494 726 652 812 Neapolis
667 727 864 792 Pontificem
890 728 991 791 variis
1016 727 1176 792 molestiis

61 837 89 888 et
110 827 236 910 injuriis
267 827 450 890 affecerunt
482 827 587 911 iisque
612 847 646 890 se
671 827 788 910 junxit
810 824 1010 909 gubernium
1034 824 1174 890 Galliae.

61 925 104 986 Ita
126 926 306 987 universIm
339 926 507 1008 principes
531 925 642 1010 stirpis
666 923 874 988 Borbonioae
897 925 1037 1007 turpiter
1062 923 1173 986 Eccle-

61 1024 133 1084 siam
157 1043 289 1103 vexare,
314 1044 353 1086 ao
378 1022 584 1107 vilipendere
609 1022 813 1107 majestatem
838 1021 978 1085 Romani
1002 1021 1176 1086 Pontificie

60 1118 108 1182 illa
140 1130 245 1184 aetate
280 1140 346 1183 non
382 1119 627 1200 erubuerunt.¹)
661 1120 792 1183 —Per
825 1117 1103 1183 Constitutionem
1135 1122 1176 1183 Ia

59 1218 198 1281 eminenti
229 1216 381 1282 Clemens
405 1219 474 1281 XII
506 1218 559 1282 die
590 1218 651 1282 28⁰
673 1217 799 1303 Aprilis
829 1240 858 1280 a.
885 1218 971 1281 1738
1002 1218 1177 1281 damnavit

59 1317 220 1380 societates
261 1316 453 1380 Massonum
495 1326 527 1379 et
570 1315 630 1380 sub
673 1337 781 1400 poena
820 1317 1177 1379 excommunicationis

58 1415 121 1496 ipso
155 1414 242 1478 facto
278 1413 498 1478 incurrendae
541 1413 727 1499 prohibuit,
767 1415 944 1499 quominus
978 1413 1097 1499 aliquis
1133 1415 1175 1476 iis

58 1513 275 1576 associaretur.
311 1549 355 1558 —
391 1510 485 1576 Obiit
522 1511 578 1575 hic
610 1512 767 1575 Pontifex
807 1511 924 1597 plenus
957 1510 1086 1575 dierum
1119 1510 1174 1574 die

58 1609 90 1672 6⁰
110 1610 283 1674 Februarii
315 1631 345 1672 a.
372 1609 467 1674 1740.
516 1608 687 1695 Optimam
720 1612 770 1673 sui
803 1607 937 1694 reliquit
970 1611 1174 1690 memoriam,

58 1707 184 1792 ejusque
208 1709 399 1790 ingenium,
424 1707 731 1790 mansuetudinem,
757 1705 863 1771 zelum
888 1716 1038 1770 auctores
1061 1705 1171 1770 lauda·

58 1817 176 1870 verunt.
232 1805 393 1870 Senectus
433 1816 544 1870 tamen
582 1815 741 1891 proveeta
781 1805 932 1890 aliaeque
965 1804 1175 1868 infirmitates

57 1903 285 1987 impedimento
309 1904 460 1986 fuerunt,
498 1915 534 1967 ut
557 1903 654 1989 pleno
680 1905 793 1988 vigore
817 1903 977 1987 gubernio
1003 1902 1173 1966 Ecclesiae

57 2001 242 2065 incumbere
275 2013 396 2087 posset.
455 2002 567 2083 Quum
604 2004 692 2066 enim
726 2002 875 2086 podagra
908 2001 1110 2066 detineretur
1142 1995 1184 2065 et¹

57 2097 115 2162 lere
147 2100 320 2187 usquead
355 2102 549 2164 eaecitatem
587 2100 771 2183 caligarent
796 2099 882 2163 oculi
916 2101 1003 2185 ejus,
1040 2108 1173 2163 coactus

57 2206 98 2258 est
128 2198 451 2263 administrationem
485 2200 691 2283 negotiorum
717 2197 1015 2261 ecelesiasticorum
1050 2219 1172 2280 magna

56 2315 90 2356 ex
111 2306 203 2380 parte
228 2296 302 2360 aliis
327 2299 542 2362 committere.

131 2403 184 2469 22.
232 2403 423 2468 Benedictus
438 2404 524 2467 XIV
542 2407 583 2486 (a.
603 2401 847 2483 rito-1758).
864 2440 906 2450 —
930 2403 1008 2466 Post
1032 2413 1168 2466 mortem
1229 2418 1309 2446 02010

54 2495 225 2565 Clementis
259 2500 332 2564 ΧΠ
369 2501 520 2565 habitum
555 2510 604 2564 est
637 2500 795 2564 conclave
830 2499 1058 2564 Cardinalium
1092 2503 1171 2565 satis

51 2593 175 2680 longum
201 2608 234 2662 et
258 2598 442 2675 molestum,
467 2621 507 2662 ac
530 2599 665 2662 tandem
690 2621 748 2662 sex
767 2597 937 2662 mensibus
962 2598 1092 2683 elapsis,
1117 2598 1171 2662 die

55 2695 105 2756 170
127 2697 273 2780 Augusti
308 2719 336 2761 a.
364 2696 450 2760 1740
483 2706 619 2760 evectus
652 2706 700 2759 est
733 2698 767 2760 in
800 2695 920 2761 Sedem
945 2695 1177 2781 Apostolicam,

51 2790 245 2858 Benedictus
280 2793 381 2875 XIV,
421 2805 519 2857 antea
555 2793 739 2879 appellatus
775 2794 917 2879 Prosper
951 2794 1170 2873 Lambertini‚

52 2886 232 2956 Cardinalis
269 2891 552 2977 Arohiepiscopus
586 2892 817 2956 Bononiensis.
875 2892 982 2956 Natus
1017 2893 1087 2977 ipse
1122 2903 1172 2956 est

51 2984 212 3054 Bononiae
247 2988 301 3052 die
329 2991 386 3054 13⁰
410 2991 490 3054 Maii
521 3012 549 3055 a.
578 2989 681 3069 1675,
715 3012 858 3075 eumque
882 2989 1049 3074 singulare
1082 2992 1169 3074 inge-

52 3085 152 3169 nium,
188 3088 315 3151 eximia
351 3110 374 3153 s.
400 3086 619 3171 Theologiae‚
655 3110 696 3153 ss.
728 3088 903 3152 Canonum
939 3096 971 3150 et
1003 3087 1170 3151 Historiae

50 3183 286 3249 ecclesiasticae
310 3186 449 3249 scientia
474 3195 506 3247 et
528 3207 581 3248 res
605 3186 773 3269 praeclare
797 3195 910 3268 gestae
933 3194 1025 3250 tanto
1045 3185 1169 3249 honore

50 3277 179 3364 dignum
204 3281 401 3347 reddebant.
448 3283 570 3367 Reipsa
599 3283 699 3368 hujus
723 3284 895 3346 Pontificis
919 3285 1038 3347 miram
1062 3282 1168 3346 erudi·

115 3458 135 3529 ¹)
155 3459 256 3514 Scribit
274 3475 298 3516 a.
320 3459 389 3513 1737
407 3459 535 3526 Aloysius
554 3460 696 3528 Moceuigo
716 3460 815 3514 Orator
833 3460 955 3514 Venetus
974 3459 1003 3514 In
1021 3475 1071 3513 sua
1089 3460 1169 3513 Rela-

49 3536 129 3594 tIone:
151 3541 201 3606 „Je
220 3555 255 3593 ne
273 3539 334 3607 puis
354 3540 378 3593 le
398 3541 471 3605 nior,
491 3545 558 3596 c’est
576 3556 629 3594 une
648 3541 780 3594 situation
800 3542 990 3595 eminemment
1009 3539 1099 3593 fausse
1118 3554 1170 3605 que

48 3617 107 3672 celle
125 3622 159 3673 ou
178 3627 241 3673 tous
266 3620 306 3673 les
325 3624 554 3688 gouvernements
573 3619 742 3687 catholiques
767 3627 830 3675 sont
848 3620 990 3688 impiiques
1009 3619 1075 3672 dans
1094 3619 1169 3673 desi

47 3700 141 3762 grands
166 3699 311 3758 differends
329 3715 395 3754 avec
420 3700 448 3752 la
467 3699 539 3753 Cour
556 3700 589 3753 de
608 3700 706 3765 Rome,
736 3715 787 3766 que
812 3701 866 3754 l'on
891 3717 925 3754 ne
944 3706 1009 3768 peut
1034 3701 1169 3768 imaginer

47 3792 145 3833 aucune
164 3779 370 3834 reconciliation
389 3781 435 3846 qui
448 3795 482 3834 ne
495 3779 574 3834 doive
587 3779 688 3834 blesser
705 3786 778 3834 cette
792 3780 862 3834 Cour
875 3781 941 3834 dans
953 3781 981 3834 la
998 3779 1070 3834 force
1083 3781 1169 3835 vitale

46 3855 75 3910 de
98 3875 144 3912 son
165 3859 310 3916 existence.
348 3860 405 3926 Que
431 3875 460 3913 ce
478 3860 532 3913 soit
550 3859 576 3913 le
594 3861 713 3914 resultat
736 3859 814 3914 d’une
833 3861 893 3928 plus
912 3853 1016 3928 grande
1041 3859 1168 3915 diffusion

46 3935 88 3990 des
112 3939 236 3993 Iumieres
256 3954 356 3993 comme
375 3944 438 3993 tant
457 3940 490 3993 de
508 3954 576 4006 gens
596 3940 781 4004 l’admettent,
810 3955 845 3993 ou
863 3939 927 3993 d’un
946 3941 1033 4008 esprit
1060 3940 1093 3994 de
1112 3941 1168 3994 vio·

47 4013 116 4071 lence
135 4025 228 4072 contre
246 4019 285 4072 les
305 4019 364 4085 plns
383 4018 491 4083 scribtos,
516 4018 534 4072 11
556 4024 598 4072 est
617 4019 721 4072 certain
741 4034 792 4084 que
810 4019 849 4072 les
867 4019 974 4086 princes
993 4020 1133 4074 marchent
1152 4023 1170 4072 a

46 4099 141 4160 grands
167 4115 215 4166 pas
234 4114 295 4152 vers
321 4099 348 4152 ia
366 4099 512 4166 spoliation
537 4099 570 4152 de
589 4104 650 4151 tous
675 4099 713 4152 les
733 4099 818 4153 droits
843 4100 988 4167 temporeis
1013 4099 1047 4153 de
1071 4100 1098 4152 la
1121 4116 1167 4168 pa-

46 4181 148 4239 pante.“
171 4210 203 4216 -
222 4179 369 4232 Relazione
388 4179 416 4232 di
434 4179 521 4232 Roma
541 4178 574 4231 16
594 4181 658 4246 Apr.
680 4181 756 4233 1737.
778 4210 809 4217 —
829 4179 863 4234 V.
882 4180 993 4244 Bomio,
1013 4180 1115 4247 Papae,
1135 4180 1166 4234 T.
