2964 4912
290 451 405 505 Comitia
423 451 495 506 Cleri
513 451 591 504 annis
612 449 788 505 isso-1682
806 451 911 509 habits.
1109 453 1161 509 355

35 607 144 660 nutem
168 607 253 676 sant,
285 618 304 658 a
329 596 397 658 Deo
423 594 592 658 ordinatae
616 606 708 674 sant;
734 597 840 680 itaque
864 597 919 680 qui
935 599 1092 682 potestati
1114 619 1161 660 re·
1180 597 1324 703 322⁸&ss

34 694 134 770 sistit,
159 694 223 756 Dei
245 694 443 756 ordinationi
464 694 593 758 resistit.
646 692 752 776 Reges
776 713 853 774 ergo
877 704 910 756 et
935 696 1101 780 principes
1127 718 1162 759 1n
1223 736 1273 764 am

35 789 279 876 temporalibus
308 789 389 854 nulli
421 789 664 854 ecclesiasticae
688 793 842 874 potestati
867 792 930 855 Dei
956 793 1163 858 ordinatione

34 889 174 974 subjici,
204 910 311 974 neque
343 890 539 951 auctoritate
571 887 716 951 clavium
749 887 920 953 Ecclesiae
954 890 1078 954 directe
1110 891 1164 955 vel

34 988 204 1052 indirecte
229 987 372 1071 deponi,
397 995 455 1050 aut
479 985 608 1049 illorum
633 985 783 1050 subditos
807 988 909 1049 eximi
934 1011 953 1051 a
977 987 1042 1052 lide
1066 998 1164 1073 atque

33 1085 243 1165 obedientia,
277 1107 317 1146 ac
348 1085 503 1167 praestito
528 1081 697 1147 fidelitatis
721 1094 926 1148 sacramento
951 1084 1035 1149 solvi
1059 1107 1164 1172 posse,

33 1205 184 1268 eamque
208 1184 406 1246 sententiam
431 1180 584 1267 publicae
600 1180 831 1266 tranquillitati
847 1185 1078 1264 necessariam,
1103 1205 1165 1248 nec

33 1285 154 1346 minus
178 1280 349 1344 Ecclesiae
374 1301 473 1365 quam
498 1281 637 1362 imperio
662 1278 787 1359 utilem,
819 1289 855 1342 ut
879 1280 981 1345 verbo
1006 1283 1081 1362 Dei,
1107 1282 1165 1344 Pa·
1277 1319 1278 1322 =

32 1391 129 1444 trum
163 1377 332 1441 traditioni
363 1389 395 1440 et
418 1377 616 1442 Sanctorum
642 1378 803 1462 exemplis
828 1401 1007 1444 consonam
1032 1383 1165 1445 omnino

32 1475 263 1542 retinendam.

133 1575 178 1638 ΙΙ.
226 1573 280 1638 Sic
311 1584 422 1638 autem
448 1577 556 1638 inesse
580 1574 793 1659 Apostolicae
818 1575 897 1641 Sedi
922 1599 961 1640 ac
986 1578 1071 1640 Petri
1096 1599 1166 1640 suc-

33 1671 231 1738 cessoribus
255 1671 379 1735 Christi
406 1672 549 1736 Vicariis
573 1694 681 1736 rerum
707 1673 927 1758 spiritualium
957 1673 1088 1758 plenam
1113 1696 1167 1760 po·
1265 1711 1269 1718 ·

31 1780 207 1846 testatem,
231 1779 268 1833 ut
292 1769 389 1833 simul
406 1769 540 1833 valeant
564 1781 663 1856 atque
679 1772 816 1834 immota
829 1773 1010 1835 consistant
1026 1771 1168 1837 Sanctae

33 1870 280 1958 oecumenicae
305 1867 432 1952 Synodi
451 1866 712 1932 Constantiensis
736 1891 755 1931 a
773 1867 858 1933 Sede
875 1869 1067 1954 Apostolica
1083 1893 1168 1936 com·

33 1967 196 2055 probata,
220 1966 359 2050 ipsoque
376 1966 601 2030 Romanorum
614 1965 814 2030 Pontificum
831 1989 870 2030 ac
884 1969 984 2031 totius
998 1967 1168 2033 Ecclesiae

34 2089 105 2130 usu
133 2063 339 2145 confirmata,
372 2074 470 2149 atque
500 2063 542 2127 ab
566 2064 717 2128 Ecclesia
741 2062 915 2127 Gallicana
940 2076 1098 2150 perpetua
1122 2089 1168 2130 re-

33 2165 171 2249 ligione
196 2162 359 2225 custodita
384 2163 517 2226 decreta
542 2161 582 2226 de
606 2162 801 2226 auctoritate
824 2161 1048 2227 Oonciliorum
1073 2185 1169 2247 gene·

36 2262 168 2328 ralium
192 2281 276 2344 quae
301 2261 445 2323 sessione
468 2259 517 2322 IV
543 2269 574 2322 et
600 2260 631 2322 V
656 2261 882 2341 continentum
908 2282 969 2324 nec
994 2260 1126 2345 probari
1150 2282 1169 2323 a

35 2359 223 2426 Gallicana
253 2357 404 2421 Ecclesia
438 2359 494 2443 qui
524 2379 637 2421 eorum
668 2357 886 2439 decretorum,
922 2360 1016 2443 quasi
1048 2358 1169 2423 dubiae

34 2463 112 2522 sint
136 2457 342 2518 auctoritatis
365 2478 405 2519 ac
429 2457 540 2518 minus
559 2454 752 2540 approbata,
777 2454 879 2519 robur
895 2456 1088 2541 infringant,
1113 2466 1171 2519 aut

31 2556 84 2620 ad
113 2551 220 2616 solum
246 2553 433 2617 schismatis
456 2562 587 2638 tempus
612 2553 753 2616 Consilii
779 2553 868 2618 dicta
893 2553 1119 2640 detorqueant.

136 2651 201 2715 ΙΙΙ.
248 2651 337 2715 Hinc
362 2650 575 2736 Apostolicae
606 2653 777 2735 potestatis
807 2674 904 2714 usum
930 2652 1169 2722 moderandum

33 2774 104 2840 per
137 2771 281 2813 canones
305 2748 431 2833 Spiritu
457 2749 520 2812 Dei
551 2749 716 2832 conditos,
748 2771 787 2812 ac
818 2751 918 2813 totius
944 2750 1059 2814 mnndi
1081 2771 1170 2813 reve·

32 2850 156 2916 rentia
181 2857 402 2920 consecrat0s;
422 2846 552 2910 'valere
575 2849 674 2911 etiam
703 2847 844 2930 regulas,
877 2869 992 2928 mores,
1027 2857 1058 2911 et
1082 2849 1171 2911 insti·

33 2960 117 3012 tuta
151 2967 172 3008 a
203 2967 305 3028 regno
340 2955 372 3008 et
404 2945 556 3008 Ecclesia
585 2943 759 3009 Gallicana
792 2954 940 3030 recepta,
974 2955 1171 3031 patrumque

35 3045 209 3112 terminos
232 3065 366 3107 manere
391 3045 621 3117 inconcussos;
654 3052 753 3128 atque
784 3041 819 3104 id
850 3044 1015 3126 pertinere
1039 3043 1082 3106 ad
1106 3064 1172 3105 am·

32 3141 248 3231 plitudinem
272 3140 484 3226 Apostolicae
509 3140 615 3221 Sedis,
648 3150 685 3204 ut
716 3148 838 3203 statuta
862 3150 894 3202 et
917 3141 1172 3205 consuetudines

32 3250 161 3306 tantae
182 3237 278 3302 Sedis
302 3249 334 3302 et
358 3237 572 3302 ecclesiarum
597 3239 814 3302 consensione
838 3237 988 3303 firmatae
1004 3241 1172 3324 propriam

32 3337 266 3405 stabilitatem
291 3338 473 3402 obtineant.
1111 3395 1113 3401 .

138 3437 199 3500 IV.
246 3438 286 3500 In
311 3436 389 3500 fidei
414 3457 545 3521 quoque
570 3434 819 3520 quaestionibus
841 3436 1037 3518 praecipuas
1052 3435 1172 3497 summi

30 3535 222 3603 Pontificis
246 3557 316 3598 esse
340 3543 459 3619 partes,
486 3534 622 3620 ejusque
646 3534 779 3597 decreta
795 3533 838 3596 ad
852 3553 966 3597 omnes
979 3539 1011 3594 et
1027 3529 1173 3614 singulas

31 3634 207 3702 eeclesias
231 3634 405 3717 pertinere,
430 3655 492 3696 nec
515 3641 627 3695 tamen
652 3631 891 3696 irreformabile
916 3652 987 3694 esse
995 3629 1173 3715 judicium,

31 3734 109 3800 nisi
137 3729 310 3794 Ecclesiae
335 3751 514 3794 consensus
538 3731 722 3794 accesserit.

140 3829 236 3908 Quae
267 3836 405 3913 accepta
437 3851 457 3890 a
486 3827 635 3912 patribus
668 3827 711 3891 ad
743 3849 857 3890 omnes
881 3825 1049 3890 Ecclesiae
1074 3822 1173 3889 Galli-

30 3949 152 3994 canas
182 3934 283 4011 atque
314 3927 485 4011 episcopos
514 3926 555 3988 iis
585 3922 710 4010 Spiritu
735 3923 856 3989 Sancto
886 3933 1022 3987 auctore
1055 3923 1174 4007 praesi-

31 4029 167 4092 dentes
201 4023 362 4087 mittenda
387 4023 612 4104 decrevimus,
647 4032 682 4086 ut
706 4022 851 4106 idipsum
876 4020 1026 4086 dicamus
1050 4041 1174 4098 omnes,

29 4127 222 4208 simusque
247 4123 281 4185 in
306 4121 422 4185 eodem
448 4144 545 4185 sensu
569 4130 602 4183 et
624 4121 659 4183 in
684 4120 799 4184 eadem
824 4119 1051 4199 sententia.“¹)

120 4266 145 4335 ¹)
165 4265 200 4319 V.
221 4263 331 4318 Collect
350 4261 461 4318 Lacens.
480 4263 512 4316 T·
531 4262 553 4315 I·
573 4277 597 4329 P·
617 4261 678 4316 83¹·
962 4331 1016 4384 23*
