3034 4894
299 487 334 540 52
425 485 569 541 XXXVII.
587 486 628 540 De
646 485 734 540 initiis
753 501 785 540 oc
804 487 836 540 de
854 501 966 554 propag.
987 485 1296 554 pseudoroformatjonps·

143 617 276 732 Paffifss
390 630 443 694 53:
468 628 563 694 Obiit
578 628 730 693 Clemens
740 629 807 694 VII
820 630 873 693 die
889 629 1163 714 25⁰Septembris
1180 652 1207 694 a.
1223 631 1310 708 1534
1325 633 1419 716 eique

301 730 459 792 successit
482 726 674 792 Alexander
698 726 886 790 Cardinalis
911 727 1104 805 Farnesius,
1135 729 1188 790 cui
1213 750 1335 791 nomen
1360 729 1422 790 fuit

300 825 421 890 Paulus
450 827 503 890 Ill
542 827 597 909 (13
628 825 702 890 Oct.
738 826 825 889 1534
854 864 894 872 -
930 825 971 888 10
1001 825 1087 890 Nov.
1122 824 1231 905 1549).
1286 826 1421 889 Abhinc

299 925 396 987 annis
425 923 537 987 multis
573 926 620 1008 pii
652 925 775 1008 quique
814 922 1050 986 desiderabant
1082 921 1222 986 Concilii
1260 924 1423 1006 generalis

300 1023 571 1084 convocationem
596 1021 638 1086 ad
663 1021 866 1110 dirimendas
891 1020 1080 1084 solemniter
1102 1021 1273 1103 religiosas
1298 1033 1423 1085 contro-

301 1121 435 1200 versias,
461 1141 519 1183 seu
534 1119 585 1182 ad
599 1119 869 1183 condemnandas
893 1117 1054 1199 haereses,
1080 1119 1122 1182 ad
1140 1119 1331 1184 definienda
1348 1121 1422 1184 fidei

301 1217 456 1300 dogmata
487 1227 519 1280 et
549 1217 592 1280 ad
624 1217 862 1281 restituendam
903 1213 1113 1301 disciplinam
1153 1217 1423 1282 ecclesiasticam.

300 1317 368 1400 Ipsi
400 1326 585 1398 novatores,
617 1315 784 1378 Lutlrerus
815 1315 937 1399 aliique
969 1316 1125 1378 contiuuo
1159 1315 1202 1379 ad
1236 1317 1423 1380 Concilium

298 1415 451 1499 generale
483 1413 718 1498 provocabant.
773 1412 962 1477 Obstabant
992 1434 1070 1475 vcro
1107 1413 1245 1476 dissidia
1275 1424 1309 1477 et
1341 1415 1424 1478 bella

300 1516 386 1577 inter
409 1515 576 1597 principes
600 1512 797 1575 christianos
821 1533 860 1574 ac
884 1512 1172 1593 tergiversationes
1189 1520 1221 1575 et
1239 1511 1328 1574 mala
1345 1513 1424 1575 fides
1504 1587 1505 1596 χ

300 1620 508 1676 novatorum.
535 1610 645 1690 Quum
665 1608 818 1673 Clemens
834 1609 900 1673 VlI
924 1631 999 1672 oum
1019 1607 1136 1673 Carolc
1155 1611 1185 1671 V
1211 1611 1251 1674 de
1277 1613 1424 1694 cogendo
1504 1607 1505 1648 ³

265 1713 266 1716 ’
301 1707 449 1773 Concilio
474 1711 508 1772 in
533 1708 644 1793 aliqua
668 1707 749 1770 urbe
774 1708 891 1771 ltaliae
916 1710 1146 1790 consensisset,
1172 1718 1351 1772 novatores
1376 1731 1425 1794 po·
1504 1725 1505 1758 ἐ

300 1806 473 1887 stularunt,
500 1817 535 1870 ut
559 1806 640 1869 illud
658 1809 692 1869 in
706 1804 891 1869 Germania
916 1818 1097 1889 cogeretur,
1123 1829 1142 1868 a
1156 1806 1321 1870 Pontifice
1339 1808 1427 1870 nulla

299 1909 427 1969 ratione
452 1899 663 1989 dependeret,
688 1925 739 1966 res
765 1913 997 1967 controversae
1021 1906 1054 1966 in
1069 1925 1106 1966 eo
1120 1927 1162 1966 ex
1175 1904 1243 1967 sola
1254 1903 1426 1991 Scriptura

302 2003 528 2083 definirentur,
561 2013 592 2065 et
620 2004 674 2065 sui
696 2023 827 2087 quoque
851 2001 996 2084 theologi
1020 2023 1137 2064 vocem
1164 2002 1350 2066 decisivam
1375 2003 1424 2065 ha·

300 2101 427 2164 berent.
475 2101 545 2162 Has
569 2100 736 2163 inauditas
761 2111 793 2162 et
817 2098 978 2162 absurdas
1003 2099 1210 2162 conditiones
1227 2122 1333 2183 quum
1347 2102 1425 2164 Pon-

300 2200 384 2263 tifex
408 2198 583 2262 admittere
607 2220 673 2261 non
698 2208 817 2282 posset,
843 2219 894 2259 res
921 2195 1023 2260 dilata
1047 2197 1119 2262 fuit.
1158 2197 1226 2262 Sub
1253 2198 1360 2261 Paulo
1379 2198 1425 2260 Ill

301 2299 425 2382 pariter
448 2296 526 2359 iude
550 2295 592 2358 ab
609 2296 703 2358 initio
729 2294 943 2380 pontificatus
968 2295 1038 2378 ejus
1063 2294 1175 2358 sedulo
1201 2295 1242 2356 de
1267 2316 1424 2359 convoca·

301 2397 391 2458 tione
409 2391 550 2458 Consilii
564 2395 772 2456 oecumenici
789 2403 899 2456 actum
919 2403 976 2471 est,
1002 2407 1035 2455 at
1052 2413 1192 2474 magnae
1214 2393 1427 2458 difficultates

303 2494 373 2579 ejus
386 2493 676 2576 congregationem
694 2513 796 2576 usque
813 2491 853 2554 ad
869 2512 993 2554 annum
1010 2490 1095 2555 1545
1111 2491 1350 2575 impedierunt,
1365 2513 1424 2576 quo

302 2601 449 2675 tempore
475 2588 661 2654 Concilium
686 2590 919 2653 Tridentinum
954 2591 1087 2652 initium
1111 2589 1239 2653 habuit.
1288 2588 1358 2654 Sed
1389 2591 1426 2652 de

303 2691 343 2754 iis
368 2711 452 2774 quae
482 2687 581 2773 hujus
606 2687 747 2751 Consilii
788 2689 1061 2750 convocationem
1102 2697 1134 2748 et
1170 2687 1425 2752 celebrationem

303 2796 462 2872 spectant,
487 2789 637 2871 sequenti
660 2787 900 2849 Dissertatione
924 2807 1070 2868 agemus.

393 2983 446 3047 54.
493 2982 658 3066 Superest,
701 2991 737 3044 ut
760 2980 906 3044 breviter
929 2980 1120 3062 referamus,
1157 2985 1300 3065 quaein
1328 2986 1426 3047 variis

303 3083 493 3168 principum
517 3078 717 3143 Germaniae
749 3080 891 3142 comitiis
923 3077 1033 3162 quoad
1058 3077 1323 3143 Protestantismi
1359 3102 1424 3165 pro·

278 3181 279 3184 ’
304 3183 515 3267 pagationem
539 3178 742 3241 acciderunt.
792 3176 929 3241 Carolus
955 3177 998 3258 V,
1033 3178 1080 3238 uti
1100 3177 1172 3260 jam
1197 3175 1356 3258 diximus,
1388 3200 1425 3240 ex

305 3279 485 3344 Germania
509 3300 537 3341 a.
564 3275 650 3339 1522
675 3276 834 3355 discessit,
868 3274 1134 3358 guberniumque
1157 3274 1292 3360 reliquit
1316 3277 1426 3340 Fordi-

305 3377 415 3441 naudo
445 3375 549 3456 fratri,
583 3376 638 3459 qui
664 3396 765 3458 quum
791 3371 937 3457 pericula
962 3371 1157 3456 multiplicia
1182 3394 1224 3434 ex
1247 3373 1368 3437 Turcis
1397 3380 1425 3435 el

305 3497 347 3538 ex
363 3472 468 3538 Gallis
492 3474 713 3553 imminerent,
737 3471 779 3534 ad
803 3472 1043 3533 transactiones
1069 3492 1143 3532 cum
1162 3471 1425 3535 Protestantibus

305 3571 564 3655 confugiendum
597 3593 667 3634 esse
698 3579 789 3632 ratus
819 3579 876 3632 est.
932 3567 1124 3631 Conventus
1153 3568 1289 3652 Imperii
1322 3569 1423 3632 habiti

306 3680 381 3734 sunt
404 3668 642 3753 Norimbergae
673 3670 769 3732 annis
796 3666 881 3730 1522
906 3677 937 3729 et
963 3666 1057 3730 1524.
1105 3667 1145 3730 In
1177 3667 1343 3750 prioribus
1378 3690 1423 3730 co·

306 3769 407 3832 mitiis
431 3776 468 3830 ut
490 3767 626 3830 nuntius
649 3764 821 3829 Pontificis
844 3764 952 3828 adfuit
969 3765 1185 3848 Chieregatus
1209 3774 1241 3827 et
1266 3768 1301 3828 in
1325 3778 1424 3848 poste-

306 4035 488 4103 disperserent
507 4031 539 4086 de
557 4036 618 4085 tous
637 4033 718 4084 cotes.
744 4029 817 4082 Leur
836 4031 920 4097 regne
939 4028 1009 4082 etait
1028 4028 1076 4081 fini
1096 4032 1112 4080 a
1129 4029 1235 4096 jamais.
1261 4029 1304 4082 Eu
1316 4027 1424 4096 general

306 4131 367 4170 sous
395 4112 505 4166 l’action
533 4113 566 4165 de
595 4112 622 4164 la
648 4115 802 4165 tourmeute
830 4111 876 4176 qui
904 4111 981 4163 avait
1008 4110 1091 4162 fondu
1110 4125 1156 4162 sur
1170 4109 1198 4162 la
1216 4109 1281 4163 ville
1299 4107 1424 4162 eteruelle

305 4194 496 4260 l’atmosphere
519 4191 611 4246 s‘etait
629 4191 794 4245 subitemeut
819 4191 939 4258 changee
958 4195 986 4244 et
1005 4205 1105 4243 comme
1124 4189 1243 4256 purifico.
1280 4189 1349 4242 Tout
1375 4186 1423 4239 fai-

306 4275 361 4328 sait
373 4271 522 4342 pressentir
539 4287 593 4326 une
611 4271 735 4325 nouvelle
754 4273 823 4331 ere.“
849 4271 968 4336 Hubner,
988 4270 1064 4323 Sixto
1071 4271 1104 4326 V.
1129 4269 1318 4322 Introduction
1335 4284 1361 4322 n.
1375 4266 1423 4319 IV.
