2964 4912
313 481 366 534 328
569 481 641 537 XLI.
678 482 718 536 De
737 483 926 537 Declarationc
947 483 1018 538 Cleri
1037 483 1181 539 Gallicani.

313 622 483 688 Serbonae
507 635 643 710 spectat,
668 625 812 710 plurimi,
838 629 886 689 uti
911 627 1067 709 diximuS,
1092 631 1213 692 acriter
1229 627 1418 708 resistebant,

313 721 370 786 alii
403 724 481 807 quia
506 723 673 788 doctrinas
696 725 850 788 Pontifici
884 725 1034 789 faventes
1065 726 1242 808 tenebant,
1278 725 1334 789 alii
1356 725 1419 810 quia

312 819 572 905 independentia
595 821 778 887 Facultatis
801 823 1092 908 opprimebatur.¹)

404 918 454 982 19.
495 917 725 1002 Opportunum
752 921 814 983 erit
843 921 1002 985 hocloco
1026 944 1135 1006 pauca
1158 921 1270 986 dicere
1295 921 1336 985 (16
1357 920 1419 984 Bos·

204 1000 258 1030 Μ’
312 1025 404 1080 sueto
428 1015 604 1102 (161627),
629 1019 686 1103 qui
710 1029 824 1104 postea
844 1020 879 1083 in
904 1021 1035 1103 negotio
1052 1018 1285 1084 Gallicanismi
1301 1040 1421 1102 magnas

311 1123 422 1199 partes
454 1112 589 1197 habuit,
625 1137 663 1179 eo
688 1126 834 1217 tempore
858 1126 987 1198 autem,
1025 1119 1178 1202 quamvis
1202 1117 1320 1201 junior
1343 1125 1421 1195 esset,

310 1220 423 1276 tamen
457 1211 626 1276 doctrinae
662 1223 695 1276 et
717 1213 925 1298 eloquentiae
949 1215 1039 1278 fama
1072 1213 1265 1280 excellebat.
1314 1215 1422 1278 Recen-

305 1312 410 1374 -tiores
442 1309 578 1396 quidam
601 1320 753 1375 auctores
777 1314 904 1397 opinati
928 1323 1020 1395 sunt,
1056 1313 1253 1378 Bossuetum
1279 1312 1423 1376 doctrinis

296 1408 470 1472 ¹Romanis
502 1409 613 1489 initio,
650 1417 749 1494 atquc
773 1411 873 1473 etiam
897 1432 985 1474 anno
1012 1409 1098 1475 1663
1133 1411 1232 1496 plane
1265 1409 1423 1473 addictum

310 1507 422 1587 fuisse,
448 1506 507 1570 sed
530 1515 644 1590 postea
668 1508 703 1570 in
721 1509 808 1592 regis
833 1507 1029 1593 obsequium
1054 1510 1204 1573 animum
1219 1506 1423 1572 versatilitate

310 1602 371 1667 vili
404 1613 555 1668 mutasse.
604 1603 670 1669 Sed
699 1627 742 1668 cx
766 1605 973 1669 documentis
997 1609 1187 1691 nuperrime
1213 1605 1312 1669 editis
1334 1614 1423 1690 patet,

309 1725 379 1767 rem
410 1704 456 1766 ita
480 1725 514 1766 se
545 1724 611 1766 non
635 1701 769 1766 habere.
814 1703 994 1768 Bossuetus
1025 1705 1103 1768 inde
1127 1704 1169 1767 ab
1194 1704 1292 1768 initio
1318 1702 1423 1766 doctri-

311 1825 370 1867 nas
405 1800 596 1866 Gallicanas
625 1800 703 1864 licet
735 1823 810 1864 cum
846 1823 967 1886 magna
999 1802 1226 1866 moderatione
1264 1800 1425 1885 amplexus

310 1910 381 1964 erat
414 1901 520 1985 iisque
552 1897 768 1981 adhaerebat,
805 1910 904 1985 atque
932 1901 1063 1964 inistis
1100 1901 1273 1964 sententiis
1307 1919 1424 1982 semper

309 1998 443 2062 videtur
472 1999 703 2083 permansisse.
749 1998 812 2061 Pro
844 1997 957 2062 indole
981 2021 1040 2062 sua
1064 2021 1142 2063 vero
1167 1997 1347 2061 Bossuetus
1369 2015 1424 2056 mo-

310 2096 473 2160 derationi
496 2095 594 2159 valde
618 2094 772 2158 addictus
796 2105 876 2160 erat.
923 2096 963 2160 In
987 2097 1118 2180 negotio
1143 2095 1198 2159 illo
1231 2095 1313 2157 anni
1340 2091 1423 2171 1663,

309 2195 351 2259 (16
384 2215 448 2279 quo
473 2194 572 2258 modo
596 2194 741 2277 agimus,
777 2193 840 2256 fuit
863 2195 950 2257 inter
974 2216 1028 2258 eos
1053 2194 1203 2258 doctores
1237 2194 1295 2277 qui
1319 2187 1423 2254 Facul-

306 2293 385 2355 tatis
409 2290 704 2376 independentiam
729 2291 906 2356 defendere
922 2291 1139 2370 conabantur,
1164 2293 1248 2355 etin
1272 2309 1424 2354 commen·

309 2390 391 2452 tario
403 2399 527 2452 secreto
538 2412 557 2453 a
567 2387 740 2454 Gallicano
751 2389 895 2474 quodam
906 2412 948 2454 ex
958 2390 1115 2454 mandato
1128 2388 1275 2453 Colberti
1287 2387 1424 2451 confecto

308 2495 498 2550 recensetur
528 2490 564 2551 in
588 2484 736 2570 catalogo
762 2487 951 2566 doctorum,
982 2488 1038 2572 qui
1060 2499 1115 2551 ont
1138 2485 1204 2550 mol
1227 2488 1281 2572 api
1312 2507 1351 2548 oc
1383 2483 1425 2569 qui

307 2595 380 2647 sont
409 2596 548 2670 suspects
580 2609 623 2648 uu
646 2589 727 2673 sajet
759 2585 797 2649 de
822 2586 933 2651 t'arrtr
964 2587 1008 2650 du
1031 2585 1251 2666 Parlcment.²)
1299 2585 1337 2648 ln
1374 2585 1424 2646 isto

302 2684 544 2748 commentario
579 2683 663 2747 haec
697 2683 868 2767 leguntur:
915 2683 980 2768 ,M
1018 2684 1059 2748 de
1092 2683 1205 2747 Minoe
1241 2683 1292 2746 fut
1328 2681 1424 2745 d'avis

307 2781 407 2865 qu'on
432 2783 630 2865 enregistrdt
652 2780 778 2862 Ferret,
809 2791 841 2844 et
864 2781 915 2845 fut
939 2783 1026 2845 suivi
1051 2781 1092 2845 (16
1115 2781 1147 2845 16
1171 2779 1346 2866 pluralitd,
1378 2777 1423 2863 qui

306 2877 493 2962 ajouterent
516 2879 615 2964 qu'on
637 2901 661 2964 y
680 2879 845 2964 joindrait
869 2901 905 2944 66
930 2881 1080 2964 qu’avait
1103 2879 1152 2943 dit
1168 2877 1213 2944 M.
1237 2878 1268 2942 le
1292 2878 1423 2963 premier

307 2975 492 3040 President.
539 2977 584 3041 M.
602 2976 706 3040 Morel
730 2979 831 3060 opina
854 2999 939 3062 pour
963 2978 1062 3063 qu’on
1087 2999 1129 3041 ne
1152 2979 1308 3061 registrat
1333 2978 1422 3060 point,

301 3075 414 3160 jusqu'
441 3075 462 3138 b
490 3097 527 3138 ce
560 3096 623 3161 que
656 3074 722 3138 l'on
756 3077 813 3138 eut
848 3078 986 3139 censure
1019 3075 1051 3139 la
1084 3069 1186 3139 these.
1233 3074 1263 3139 Il
1296 3083 1422 3159 apporta

306 3172 449 3258 quelque
478 3181 568 3237 texte
593 3173 634 3236 de
659 3195 683 3250 s.
709 3172 872 3257 Gregoire
898 3173 939 3236 de
963 3174 1149 3253 Nazianze,
1183 3171 1338 3257 ajoutant
1360 3191 1421 3256 quc,

306 3271 333 3333 si
356 3268 422 3333 l'on
447 3272 628 3354 registrait‚
659 3268 692 3334 la
716 3269 854 3334 Faculte
885 3272 985 3334 serait
1007 3269 1188 3335 semblable
1219 3269 1238 3332 ὲ
1270 3270 1303 3334 16
1328 3277 1422 3334 statue

306 3367 347 3431 de
371 3367 540 3432 Memnon.
586 3367 615 3431 Il
645 3368 696 3432 fut
728 3369 815 3432 suivi
850 3368 891 3432 de
914 3369 959 3432 M.
984 3368 1108 3432 Amiot.
1156 3369 1205 3432 Le
1229 3367 1267 3434 P.
1292 3365 1422 3444 Nicola'r',

305 3464 459 3546 Jacobin,
485 3466 567 3530 MM.
581 3464 666 3548 Bail,
690 3466 712 3531 J
715 3465 804 3549 oisel,
831 3463 1037 3530 Chamillard
1062 3475 1095 3530 et
1117 3475 1191 3530 tous
1213 3466 1263 3530 les
1281 3465 1422 3530 docteurs

305 3562 347 3626 de
371 3560 614 3648 SaintSulpice
645 3573 678 3628 et
701 3563 746 3627 du
771 3564 986 3628 Chardonnet
1016 3565 1128 3628 furent
1151 3564 1193 3628 (16
1218 3574 1271 3628 661
1300 3565 1372 3628 6νί6
1397 3571 1422 3622 61

306 3659 530 3724 declamarent
561 3661 627 3726 fort
659 3671 772 3726 contre
804 3661 836 3726 la
860 3661 1031 3745 harangue
1065 3662 1106 3725 de
1131 3662 1176 3726 M.
1210 3661 1241 3725 le
1275 3661 1422 3726 substitut

306 3757 352 3821 du
375 3760 556 3822 Procurenr
579 3759 725 3844 general.
773 3759 817 3824 M.
844 3759 884 3822 de
908 3760 1059 3845 Lestocq,
1084 3759 1274 3844 prefesseur
1297 3760 1338 3824 de
1361 3758 1421 3823 Sor·

379 4007 399 4076 ¹)
419 4007 474 4064 Ofr.
495 4007 605 4064 Collect.
631 4007 742 4061 Laneus.
767 4007 797 4060 T.
815 4007 839 4063 I.
858 4006 1037 4060 Dissertatio:
1066 4006 1184 4060 Comitia
1210 4006 1278 4061 cleri
1299 4003 1418 4061 Gallicani

304 4103 330 4140 a.
353 4088 419 4141 1681
441 4096 468 4142 61
491 4088 558 4142 16111
576 4088 691 4142 Parisiis
710 4088 812 4142 habita.
832 4088 866 4140 Π.
886 4105 911 4154 p.
931 4088 992 4144 800.

378 4166 698 4234 9)Μ1(66116166611661
723 4185 752 4222 ce
771 4167 817 4234 qui
836 4173 903 4222 s'est
921 4171 998 4234 passe
1022 4183 1056 4221 eu
1075 4169 1102 4220 la
1121 4168 1237 4222 Faculte
1257 4168 1383 4224 touchant
1398 4166 1420 4217 ls

304 4245 388 4311 these,
408 4248 480 4315 apud
499 4247 590 4314 corin,
611 4249 684 4304 Edit.
705 4250 739 4302 11.
759 4248 862 4303 Introd.
881 4265 906 4316 p.
926 4250 969 4302 24.
