<?xml version="1.0" encoding="UTF-8"?>
<!DOCTYPE html PUBLIC "-//W3C//DTD XHTML 1.0 Transitional//EN"
    "http://www.w3.org/TR/xhtml1/DTD/xhtml1-transitional.dtd">
<html xmlns="http://www.w3.org/1999/xhtml" xml:lang="en" lang="en">
 <head>
  <title>
</title>
<meta http-equiv="Content-Type" content="text/html;charset=utf-8" />
  <meta name='ocr-system' content='tesseract 3.04.00' />
  <meta name='ocr-capabilities' content='ocr_page ocr_carea ocr_par ocr_line ocrx_word'/>
</head>
<body>
  <div class='ocr_page' id='page_1' title='image "./dissertationess03junggoog_0329.png"; bbox 0 0 2964 4912; ppageno 0'>
   <div class='ocr_carea' id='block_1_1' title="bbox 323 450 1189 510">
    <p class='ocr_par' dir='ltr' id='par_1_1' title="bbox 323 450 1189 510">
     <span class='ocr_line' id='line_1_1' title="bbox 323 450 1189 510; baseline 0.009 -8"><span class='ocrx_word' id='word_1_1' title='bbox 323 451 375 503; x_wconf 86' lang='lat'>316</span> <span class='ocrx_word' id='word_1_2' title='bbox 577 450 649 505; x_wconf 85' lang='lat' dir='ltr'><strong>XLI.</strong></span> <span class='ocrx_word' id='word_1_3' title='bbox 685 451 725 506; x_wconf 90' lang='lat' dir='ltr'>De</span> <span class='ocrx_word' id='word_1_4' title='bbox 744 451 935 506; x_wconf 89' lang='lat' dir='ltr'>Declaratione</span> <span class='ocrx_word' id='word_1_5' title='bbox 955 452 1027 507; x_wconf 80' lang='lat' dir='ltr'>Cleri</span> <span class='ocrx_word' id='word_1_6' title='bbox 1047 453 1189 510; x_wconf 83' lang='lat' dir='ltr'>Gallicani.</span> 
     </span>
    </p>
   </div>
   <div class='ocr_carea' id='block_1_2' title="bbox 323 593 1430 780">
    <p class='ocr_par' dir='ltr' id='par_1_2' title="bbox 323 593 1430 780">
     <span class='ocr_line' id='line_1_2' title="bbox 323 593 1429 678; baseline 0.005 -21"><span class='ocrx_word' id='word_1_7' title='bbox 323 593 441 657; x_wconf 89' lang='lat' dir='ltr'>iisdem</span> <span class='ocrx_word' id='word_1_8' title='bbox 466 593 580 658; x_wconf 88' lang='lat' dir='ltr'>liceret</span> <span class='ocrx_word' id='word_1_9' title='bbox 603 616 642 657; x_wconf 89' lang='lat' dir='ltr'>ea</span> <span class='ocrx_word' id='word_1_10' title='bbox 665 595 851 678; x_wconf 90' lang='lat' dir='ltr'>retundere,</span> <span class='ocrx_word' id='word_1_11' title='bbox 877 595 1065 660; x_wconf 83' lang='lat' dir='ltr'>Concilium</span> <span class='ocrx_word' id='word_1_12' title='bbox 1089 599 1160 661; x_wconf 90' lang='lat' dir='ltr'>sive</span> <span class='ocrx_word' id='word_1_13' title='bbox 1184 599 1429 662; x_wconf 73' lang='lat' dir='ltr'>convocantibus</span> 
     </span>
     <span class='ocr_line' id='line_1_3' title="bbox 323 691 1430 780; baseline 0.006 -27"><span class='ocrx_word' id='word_1_14' title='bbox 323 693 395 754; x_wconf 88' lang='lat' dir='ltr'>sive</span> <span class='ocrx_word' id='word_1_15' title='bbox 411 692 653 775; x_wconf 82' lang='lat' dir='ltr'>minitantibus,</span> <span class='ocrx_word' id='word_1_16' title='bbox 679 693 732 755; x_wconf 91' lang='lat' dir='ltr'>cui</span> <span class='ocrx_word' id='word_1_17' title='bbox 755 691 879 756; x_wconf 88' lang='lat' dir='ltr'>idcirco</span> <span class='ocrx_word' id='word_1_18' title='bbox 896 693 1089 758; x_wconf 81' lang='lat' dir='ltr'>tribuebant</span> <span class='ocrx_word' id='word_1_19' title='bbox 1102 697 1332 760; x_wconf 88' lang='lat' dir='ltr'>auctoritatem</span> <span class='ocrx_word' id='word_1_20' title='bbox 1346 717 1430 780; x_wconf 88' lang='lat' dir='ltr'>supra</span> 
     </span>
    </p>
   </div>
   <div class='ocr_carea' id='block_1_3' title="bbox 152 788 1469 3808">
    <p class='ocr_par' dir='ltr' id='par_1_3' title="bbox 322 788 1344 878">
     <span class='ocr_line' id='line_1_4' title="bbox 322 788 1344 878; baseline 0.007 -27"><span class='ocrx_word' id='word_1_21' title='bbox 322 788 528 870; x_wconf 87' lang='lat' dir='ltr'>Pontificem,</span> <span class='ocrx_word' id='word_1_22' title='bbox 554 799 586 853; x_wconf 91' lang='lat' dir='ltr'>et</span> <span class='ocrx_word' id='word_1_23' title='bbox 610 800 734 875; x_wconf 89' lang='lat' dir='ltr'>quanta</span> <span class='ocrx_word' id='word_1_24' title='bbox 758 792 800 854; x_wconf 88' lang='lat' dir='ltr'>sit</span> <span class='ocrx_word' id='word_1_25' title='bbox 823 792 857 854; x_wconf 92' lang='lat' dir='ltr'>in</span> <span class='ocrx_word' id='word_1_26' title='bbox 880 791 1031 855; x_wconf 81' lang='lat' dir='ltr'>Ecclesia</span> <span class='ocrx_word' id='word_1_27' title='bbox 1054 792 1344 878; x_wconf 81' lang='lat' dir='ltr'>plenissimam.“¹)</span> 
     </span>
    </p>

    <p class='ocr_par' dir='ltr' id='par_1_4' title="bbox 152 887 1430 990">
     <span class='ocr_line' id='line_1_5' title="bbox 152 887 1430 990; baseline 0.002 -40"><span class='ocrx_word' id='word_1_28' title='bbox 152 887 314 990; x_wconf 51' lang='lat' dir='ltr'>gilfflvssossl</span> <span class='ocrx_word' id='word_1_29' title='bbox 416 889 442 952; x_wconf 88' lang='lat' dir='ltr'>l.</span> <span class='ocrx_word' id='word_1_30' title='bbox 482 888 581 951; x_wconf 87' lang='lat' dir='ltr'>Initio</span> <span class='ocrx_word' id='word_1_31' title='bbox 607 887 729 952; x_wconf 86' lang='lat' dir='ltr'>saeculi</span> <span class='ocrx_word' id='word_1_32' title='bbox 752 889 1006 974; x_wconf 90' lang='lat' dir='ltr'>decimiseptimi</span> <span class='ocrx_word' id='word_1_33' title='bbox 1023 891 1207 973; x_wconf 91' lang='lat' dir='ltr'>Richerius,</span> <span class='ocrx_word' id='word_1_34' title='bbox 1232 893 1280 954; x_wconf 90' lang='lat' dir='ltr'>uti</span> <span class='ocrx_word' id='word_1_35' title='bbox 1296 893 1430 975; x_wconf 85' lang='lat' dir='ltr'>superius</span> 
     </span>
    </p>

    <p class='ocr_par' dir='ltr' id='par_1_5' title="bbox 264 961 1430 1073">
     <span class='ocr_line' id='line_1_6' title="bbox 264 961 1430 1073; baseline 0.004 -27"><span class='ocrx_word' id='word_1_36' title='bbox 264 961 277 997; x_wconf 65' lang='lat'>⁸</span> <span class='ocrx_word' id='word_1_37' title='bbox 307 978 480 1066; x_wconf 84' lang='lat' dir='ltr'>diximus,</span> <span class='ocrx_word' id='word_1_38' title='bbox 506 987 678 1070; x_wconf 83' lang='lat' dir='ltr'>proposuit</span> <span class='ocrx_word' id='word_1_39' title='bbox 698 995 852 1069; x_wconf 83' lang='lat' dir='ltr'>systema,</span> <span class='ocrx_word' id='word_1_40' title='bbox 878 1008 941 1072; x_wconf 90' lang='lat' dir='ltr'>quo</span> <span class='ocrx_word' id='word_1_41' title='bbox 966 998 1078 1073; x_wconf 87' lang='lat' dir='ltr'>aperte</span> <span class='ocrx_word' id='word_1_42' title='bbox 1094 988 1313 1069; x_wconf 83' lang='lat' dir='ltr'>asserebatur,</span> <span class='ocrx_word' id='word_1_43' title='bbox 1338 1001 1430 1052; x_wconf 87' lang='lat' dir='ltr'>aucto·</span> 
     </span>
    </p>

    <p class='ocr_par' dir='ltr' id='par_1_6' title="bbox 317 1082 1469 3028">
     <span class='ocr_line' id='line_1_7' title="bbox 321 1082 1431 1150; baseline 0.004 -6"><span class='ocrx_word' id='word_1_44' title='bbox 321 1084 453 1145; x_wconf 88' lang='lat' dir='ltr'>ritatem</span> <span class='ocrx_word' id='word_1_45' title='bbox 478 1082 737 1146; x_wconf 90' lang='lat' dir='ltr'>ecclesiasticam</span> <span class='ocrx_word' id='word_1_46' title='bbox 761 1085 978 1148; x_wconf 86' lang='lat' dir='ltr'>essentialiter</span> <span class='ocrx_word' id='word_1_47' title='bbox 1004 1094 1036 1148; x_wconf 90' lang='lat' dir='ltr'>et</span> <span class='ocrx_word' id='word_1_48' title='bbox 1058 1086 1218 1150; x_wconf 88' lang='lat' dir='ltr'>radicitus</span> <span class='ocrx_word' id='word_1_49' title='bbox 1242 1089 1277 1150; x_wconf 92' lang='lat' dir='ltr'>in</span> <span class='ocrx_word' id='word_1_50' title='bbox 1303 1108 1431 1150; x_wconf 90' lang='lat' dir='ltr'>commu·</span> 
     </span>
     <span class='ocr_line' id='line_1_8' title="bbox 321 1179 1431 1268; baseline 0.002 -25"><span class='ocrx_word' id='word_1_51' title='bbox 321 1182 425 1243; x_wconf 90' lang='lat' dir='ltr'>nitate</span> <span class='ocrx_word' id='word_1_52' title='bbox 449 1179 598 1244; x_wconf 90' lang='lat' dir='ltr'>fidolium</span> <span class='ocrx_word' id='word_1_53' title='bbox 623 1183 718 1244; x_wconf 89' lang='lat' dir='ltr'>sitam</span> <span class='ocrx_word' id='word_1_54' title='bbox 745 1203 825 1247; x_wconf 89' lang='lat' dir='ltr'>esse.</span> <span class='ocrx_word' id='word_1_55' title='bbox 872 1182 985 1247; x_wconf 83' lang='lat' dir='ltr'>Simon</span> <span class='ocrx_word' id='word_1_56' title='bbox 1001 1182 1106 1267; x_wconf 85' lang='lat' dir='ltr'>Vigor</span> <span class='ocrx_word' id='word_1_57' title='bbox 1129 1185 1314 1248; x_wconf 88' lang='lat' dir='ltr'>advocatus</span> <span class='ocrx_word' id='word_1_58' title='bbox 1337 1186 1431 1268; x_wconf 86' lang='lat' dir='ltr'>regius</span> 
     </span>
     <span class='ocr_line' id='line_1_9' title="bbox 321 1277 1430 1366; baseline 0.003 -26"><span class='ocrx_word' id='word_1_59' title='bbox 321 1281 355 1358; x_wconf 68' lang='lat' dir='ltr'>(t</span> <span class='ocrx_word' id='word_1_60' title='bbox 382 1277 481 1359; x_wconf 86' lang='grc'>1624)</span> <span class='ocrx_word' id='word_1_61' title='bbox 521 1279 637 1342; x_wconf 91' lang='lat' dir='ltr'>eodem</span> <span class='ocrx_word' id='word_1_62' title='bbox 668 1288 817 1365; x_wconf 91' lang='lat' dir='ltr'>tempore</span> <span class='ocrx_word' id='word_1_63' title='bbox 848 1279 995 1344; x_wconf 90' lang='lat' dir='ltr'>Richerii</span> <span class='ocrx_word' id='word_1_64' title='bbox 1035 1281 1204 1346; x_wconf 87' lang='lat' dir='ltr'>doctrinas</span> <span class='ocrx_word' id='word_1_65' title='bbox 1235 1283 1346 1346; x_wconf 89' lang='lat' dir='ltr'>acrius</span> <span class='ocrx_word' id='word_1_66' title='bbox 1373 1303 1430 1366; x_wconf 93' lang='lat' dir='ltr'>pro·</span> 
     </span>
     <span class='ocr_line' id='line_1_10' title="bbox 320 1376 1430 1464; baseline 0.005 -28"><span class='ocrx_word' id='word_1_67' title='bbox 320 1379 485 1460; x_wconf 84' lang='lat' dir='ltr'>pugnavit</span> <span class='ocrx_word' id='word_1_68' title='bbox 508 1377 542 1438; x_wconf 93' lang='lat' dir='ltr'>in</span> <span class='ocrx_word' id='word_1_69' title='bbox 567 1399 624 1440; x_wconf 91' lang='lat' dir='ltr'>suo</span> <span class='ocrx_word' id='word_1_70' title='bbox 649 1398 758 1460; x_wconf 90' lang='lat' dir='ltr'>opere,</span> <span class='ocrx_word' id='word_1_71' title='bbox 790 1376 908 1449; x_wconf 82' lang='lat' dir='ltr'>Quotre</span> <span class='ocrx_word' id='word_1_72' title='bbox 932 1377 1027 1441; x_wconf 81' lang='lat' dir='ltr'>liores</span> <span class='ocrx_word' id='word_1_73' title='bbox 1051 1379 1090 1442; x_wconf 85' lang='lat' dir='ltr'>de</span> <span class='ocrx_word' id='word_1_74' title='bbox 1113 1377 1203 1443; x_wconf 80' lang='lat' dir='ltr'>l&#39;ltat</span> <span class='ocrx_word' id='word_1_75' title='bbox 1227 1391 1257 1443; x_wconf 88' lang='lat' dir='ltr'>et</span> <span class='ocrx_word' id='word_1_76' title='bbox 1279 1403 1430 1464; x_wconf 74' lang='lat' dir='ltr'>ponoorne·</span> 
     </span>
     <span class='ocr_line' id='line_1_11' title="bbox 319 1473 1430 1563; baseline 0.002 -27"><span class='ocrx_word' id='word_1_77' title='bbox 319 1485 403 1537; x_wconf 84' lang='lat' dir='ltr'>ment</span> <span class='ocrx_word' id='word_1_78' title='bbox 434 1474 472 1537; x_wconf 85' lang='lat' dir='ltr'>de</span> <span class='ocrx_word' id='word_1_79' title='bbox 496 1473 641 1558; x_wconf 78' lang='lat' dir='ltr'>l’Eplisc,</span> <span class='ocrx_word' id='word_1_80' title='bbox 676 1475 715 1538; x_wconf 89' lang='lat'>1⁰</span> <span class='ocrx_word' id='word_1_81' title='bbox 738 1475 776 1537; x_wconf 83' lang='lat' dir='ltr'>de</span> <span class='ocrx_word' id='word_1_82' title='bbox 806 1475 840 1538; x_wconf 89' lang='lat' dir='ltr'>lo</span> <span class='ocrx_word' id='word_1_83' title='bbox 862 1477 1040 1541; x_wconf 77' lang='lat' dir='ltr'>monarchia</span> <span class='ocrx_word' id='word_1_84' title='bbox 1064 1477 1315 1563; x_wconf 51' lang='lat' dir='ltr'>ecclesiastiqnm</span> <span class='ocrx_word' id='word_1_85' title='bbox 1346 1477 1430 1540; x_wconf 79' lang='lat' dir='ltr'>2⁰n</span> 
     </span>
     <span class='ocr_line' id='line_1_12' title="bbox 320 1569 1431 1660; baseline 0.002 -26"><span class='ocrx_word' id='word_1_86' title='bbox 320 1569 579 1655; x_wconf 80' lang='lat' dir='ltr'>l&#39;infaillibilitl,·</span> <span class='ocrx_word' id='word_1_87' title='bbox 602 1571 639 1634; x_wconf 83' lang='lat'>3⁰</span> <span class='ocrx_word' id='word_1_88' title='bbox 663 1571 701 1634; x_wconf 83' lang='lat' dir='ltr'>de</span> <span class='ocrx_word' id='word_1_89' title='bbox 723 1570 756 1635; x_wconf 87' lang='lat' dir='ltr'>lo</span> <span class='ocrx_word' id='word_1_90' title='bbox 771 1573 939 1658; x_wconf 75' lang='lat' dir='ltr'>discipline</span> <span class='ocrx_word' id='word_1_91' title='bbox 956 1573 1206 1660; x_wconf 77' lang='lat' dir='ltr'>ecclisiostiqne,·</span> <span class='ocrx_word' id='word_1_92' title='bbox 1230 1575 1268 1638; x_wconf 81' lang='lat'>4⁰</span> <span class='ocrx_word' id='word_1_93' title='bbox 1293 1574 1347 1636; x_wconf 83' lang='lat' dir='ltr'>dea</span> <span class='ocrx_word' id='word_1_94' title='bbox 1366 1572 1431 1638; x_wconf 84' lang='lat' dir='ltr'>Con·</span> 
     </span>
     <span class='ocr_line' id='line_1_13' title="bbox 319 1667 1430 1760; baseline 0.001 -29"><span class='ocrx_word' id='word_1_95' title='bbox 319 1669 410 1748; x_wconf 84' lang='lat' dir='ltr'>elles,</span> <span class='ocrx_word' id='word_1_96' title='bbox 438 1691 504 1754; x_wconf 82' lang='lat' dir='ltr'>por</span> <span class='ocrx_word' id='word_1_97' title='bbox 535 1670 585 1731; x_wconf 63' lang='lat' dir='ltr'>Ml</span> <span class='ocrx_word' id='word_1_98' title='bbox 608 1667 717 1732; x_wconf 80' lang='lat' dir='ltr'>Simon</span> <span class='ocrx_word' id='word_1_99' title='bbox 753 1670 863 1754; x_wconf 76' lang='lat' dir='ltr'>Vipor,</span> <span class='ocrx_word' id='word_1_100' title='bbox 903 1669 1076 1735; x_wconf 82' lang='lat' dir='ltr'>Conceillar·</span> <span class='ocrx_word' id='word_1_101' title='bbox 1106 1696 1148 1736; x_wconf 84' lang='lat' dir='ltr'>aa</span> <span class='ocrx_word' id='word_1_102' title='bbox 1178 1673 1284 1760; x_wconf 75' lang='lat' dir='ltr'>prend</span> <span class='ocrx_word' id='word_1_103' title='bbox 1310 1670 1430 1737; x_wconf 85' lang='lat' dir='ltr'>Conaeil.</span> 
     </span>
     <span class='ocr_line' id='line_1_14' title="bbox 321 1765 1431 1846; baseline 0 -16"><span class='ocrx_word' id='word_1_104' title='bbox 321 1765 429 1846; x_wconf 79' lang='lat' dir='ltr'>Quem</span> <span class='ocrx_word' id='word_1_105' title='bbox 462 1765 584 1830; x_wconf 89' lang='lat' dir='ltr'>librum</span> <span class='ocrx_word' id='word_1_106' title='bbox 618 1766 786 1830; x_wconf 90' lang='lat' dir='ltr'>oblivione</span> <span class='ocrx_word' id='word_1_107' title='bbox 820 1768 888 1830; x_wconf 83' lang='lat' dir='ltr'>iere</span> <span class='ocrx_word' id='word_1_108' title='bbox 921 1769 1079 1833; x_wconf 90' lang='lat' dir='ltr'>traditum</span> <span class='ocrx_word' id='word_1_109' title='bbox 1110 1771 1325 1835; x_wconf 86' lang='lat' dir='ltr'>lansenistae</span> <span class='ocrx_word' id='word_1_110' title='bbox 1356 1790 1431 1831; x_wconf 88' lang='lat' dir='ltr'>anno</span> 
     </span>
     <span class='ocr_line' id='line_1_15' title="bbox 321 1864 1430 1952; baseline -0.001 -24"><span class='ocrx_word' id='word_1_111' title='bbox 321 1864 407 1928; x_wconf 88' lang='grc'>1683</span> <span class='ocrx_word' id='word_1_112' title='bbox 432 1864 607 1949; x_wconf 91' lang='lat' dir='ltr'>splendida</span> <span class='ocrx_word' id='word_1_113' title='bbox 632 1865 776 1928; x_wconf 89' lang='lat' dir='ltr'>editione</span> <span class='ocrx_word' id='word_1_114' title='bbox 799 1865 887 1928; x_wconf 86' lang='lat' dir='ltr'>facta</span> <span class='ocrx_word' id='word_1_115' title='bbox 904 1867 1024 1930; x_wconf 89' lang='lat' dir='ltr'>iterum</span> <span class='ocrx_word' id='word_1_116' title='bbox 1040 1879 1278 1952; x_wconf 86' lang='lat' dir='ltr'>propagarunt.</span> <span class='ocrx_word' id='word_1_117' title='bbox 1318 1867 1430 1930; x_wconf 83' lang='lat' dir='ltr'>Eodem</span> 
     </span>
     <span class='ocr_line' id='line_1_16' title="bbox 319 1961 1430 2047; baseline -0.001 -22"><span class='ocrx_word' id='word_1_118' title='bbox 319 1983 417 2047; x_wconf 90' lang='lat' dir='ltr'>opere</span> <span class='ocrx_word' id='word_1_119' title='bbox 441 1963 546 2046; x_wconf 84' lang='lat' dir='ltr'>Vigor</span> <span class='ocrx_word' id='word_1_120' title='bbox 570 1964 698 2043; x_wconf 89' lang='lat' dir='ltr'>statuit,</span> <span class='ocrx_word' id='word_1_121' title='bbox 723 1961 910 2026; x_wconf 86' lang='lat' dir='ltr'>Ecclesiam</span> <span class='ocrx_word' id='word_1_122' title='bbox 935 1965 1175 2028; x_wconf 88' lang='lat' dir='ltr'>aristocratiam</span> <span class='ocrx_word' id='word_1_123' title='bbox 1200 1987 1285 2045; x_wconf 89' lang='lat' dir='ltr'>esse,</span> <span class='ocrx_word' id='word_1_124' title='bbox 1311 1962 1430 2028; x_wconf 90' lang='lat' dir='ltr'>Pontifi-</span> 
     </span>
     <span class='ocr_line' id='line_1_17' title="bbox 320 2061 1430 2148; baseline 0 -26"><span class='ocrx_word' id='word_1_125' title='bbox 320 2082 392 2123; x_wconf 87' lang='lat' dir='ltr'>cem</span> <span class='ocrx_word' id='word_1_126' title='bbox 417 2082 495 2124; x_wconf 91' lang='lat' dir='ltr'>vero</span> <span class='ocrx_word' id='word_1_127' title='bbox 527 2071 559 2124; x_wconf 90' lang='lat' dir='ltr'>et</span> <span class='ocrx_word' id='word_1_128' title='bbox 583 2061 754 2145; x_wconf 90' lang='lat' dir='ltr'>episcopos</span> <span class='ocrx_word' id='word_1_129' title='bbox 779 2061 947 2124; x_wconf 89' lang='lat' dir='ltr'>ministros</span> <span class='ocrx_word' id='word_1_130' title='bbox 978 2061 1143 2144; x_wconf 86' lang='lat' dir='ltr'>fidelium,</span> <span class='ocrx_word' id='word_1_131' title='bbox 1178 2084 1300 2148; x_wconf 88' lang='lat' dir='ltr'>eosque</span> <span class='ocrx_word' id='word_1_132' title='bbox 1324 2085 1344 2125; x_wconf 89' lang='lat' dir='ltr'>a</span> <span class='ocrx_word' id='word_1_133' title='bbox 1366 2061 1430 2124; x_wconf 88' lang='lat' dir='ltr'>fide·</span> 
     </span>
     <span class='ocr_line' id='line_1_18' title="bbox 318 2157 1428 2244; baseline -0.001 -23"><span class='ocrx_word' id='word_1_134' title='bbox 318 2157 406 2221; x_wconf 90' lang='lat' dir='ltr'>libus</span> <span class='ocrx_word' id='word_1_135' title='bbox 439 2179 479 2221; x_wconf 89' lang='lat' dir='ltr'>ac</span> <span class='ocrx_word' id='word_1_136' title='bbox 503 2159 636 2221; x_wconf 89' lang='lat' dir='ltr'>nomine</span> <span class='ocrx_word' id='word_1_137' title='bbox 670 2179 783 2220; x_wconf 91' lang='lat' dir='ltr'>eorum</span> <span class='ocrx_word' id='word_1_138' title='bbox 818 2181 838 2220; x_wconf 90' lang='lat' dir='ltr'>a</span> <span class='ocrx_word' id='word_1_139' title='bbox 869 2158 1031 2242; x_wconf 92' lang='lat' dir='ltr'>gubernio</span> <span class='ocrx_word' id='word_1_140' title='bbox 1056 2160 1148 2223; x_wconf 90' lang='lat' dir='ltr'>civili</span> <span class='ocrx_word' id='word_1_141' title='bbox 1180 2182 1277 2244; x_wconf 87' lang='lat' dir='ltr'>posse</span> <span class='ocrx_word' id='word_1_142' title='bbox 1311 2158 1428 2244; x_wconf 90' lang='lat' dir='ltr'>deponi.</span> 
     </span>
     <span class='ocr_line' id='line_1_19' title="bbox 320 2254 1428 2343; baseline -0.003 -23"><span class='ocrx_word' id='word_1_143' title='bbox 320 2257 500 2341; x_wconf 88' lang='lat' dir='ltr'>Impugnat</span> <span class='ocrx_word' id='word_1_144' title='bbox 523 2254 793 2319; x_wconf 88' lang='lat' dir='ltr'>infallibilitatem</span> <span class='ocrx_word' id='word_1_145' title='bbox 816 2256 989 2320; x_wconf 90' lang='lat' dir='ltr'>Pontificis</span> <span class='ocrx_word' id='word_1_146' title='bbox 1014 2267 1046 2321; x_wconf 88' lang='lat' dir='ltr'>et</span> <span class='ocrx_word' id='word_1_147' title='bbox 1066 2258 1240 2322; x_wconf 62' lang='lat' dir='ltr'>‘Ecclesiae</span> <span class='ocrx_word' id='word_1_148' title='bbox 1265 2257 1428 2343; x_wconf 83' lang='lat' dir='ltr'>dispersae,</span> 
     </span>
     <span class='ocr_line' id='line_1_20' title="bbox 319 2353 1429 2440; baseline -0.005 -21"><span class='ocrx_word' id='word_1_149' title='bbox 319 2376 459 2439; x_wconf 88' lang='lat' dir='ltr'>eamque</span> <span class='ocrx_word' id='word_1_150' title='bbox 484 2353 642 2418; x_wconf 77' lang='lat' dir='ltr'>Consiliis</span> <span class='ocrx_word' id='word_1_151' title='bbox 666 2355 888 2417; x_wconf 86' lang='lat' dir='ltr'>oecumenicis</span> <span class='ocrx_word' id='word_1_152' title='bbox 911 2363 1041 2420; x_wconf 88' lang='lat' dir='ltr'>tantum</span> <span class='ocrx_word' id='word_1_153' title='bbox 1065 2355 1243 2440; x_wconf 87' lang='lat' dir='ltr'>adscribit,</span> <span class='ocrx_word' id='word_1_154' title='bbox 1280 2355 1429 2439; x_wconf 86' lang='lat' dir='ltr'>simulque</span> 
     </span>
     <span class='ocr_line' id='line_1_21' title="bbox 319 2438 1469 2538; baseline -0.003 -22"><span class='ocrx_word' id='word_1_155' title='bbox 319 2452 574 2538; x_wconf 88' lang='lat' dir='ltr'>appellationem</span> <span class='ocrx_word' id='word_1_156' title='bbox 606 2474 626 2514; x_wconf 88' lang='lat' dir='ltr'>a</span> <span class='ocrx_word' id='word_1_157' title='bbox 649 2450 811 2515; x_wconf 86' lang='lat' dir='ltr'>Pontifiee</span> <span class='ocrx_word' id='word_1_158' title='bbox 841 2451 883 2515; x_wconf 87' lang='lat' dir='ltr'>ad</span> <span class='ocrx_word' id='word_1_159' title='bbox 909 2438 1095 2520; x_wconf 72' lang='lat' dir='ltr'>Concilium</span> <span class='ocrx_word' id='word_1_160' title='bbox 1127 2455 1276 2517; x_wconf 89' lang='lat' dir='ltr'>futurum</span> <span class='ocrx_word' id='word_1_161' title='bbox 1309 2454 1425 2516; x_wconf 88' lang='lat' dir='ltr'>omnim</span> <span class='ocrx_word' id='word_1_162' title='bbox 1468 2518 1469 2523; x_wconf 8' lang='grc' dir='ltr'>γ</span> 
     </span>
     <span class='ocr_line' id='line_1_22' title="bbox 317 2549 1468 2635; baseline -0.003 -21"><span class='ocrx_word' id='word_1_163' title='bbox 317 2551 444 2615; x_wconf 92' lang='lat' dir='ltr'>licitam</span> <span class='ocrx_word' id='word_1_164' title='bbox 468 2571 538 2613; x_wconf 89' lang='lat' dir='ltr'>esse</span> <span class='ocrx_word' id='word_1_165' title='bbox 562 2549 668 2614; x_wconf 89' lang='lat' dir='ltr'>docet.</span> <span class='ocrx_word' id='word_1_166' title='bbox 698 2587 741 2596; x_wconf 93' lang='lat'>—-</span> <span class='ocrx_word' id='word_1_167' title='bbox 770 2549 951 2614; x_wconf 91' lang='lat' dir='ltr'>Doctrinae</span> <span class='ocrx_word' id='word_1_168' title='bbox 975 2553 1058 2614; x_wconf 89' lang='lat' dir='ltr'>istae</span> <span class='ocrx_word' id='word_1_169' title='bbox 1081 2551 1229 2616; x_wconf 87' lang='lat' dir='ltr'>Richerii</span> <span class='ocrx_word' id='word_1_170' title='bbox 1254 2562 1287 2615; x_wconf 88' lang='lat' dir='ltr'>et</span> <span class='ocrx_word' id='word_1_171' title='bbox 1311 2551 1427 2635; x_wconf 87' lang='lat' dir='ltr'>Vigoris</span> <span class='ocrx_word' id='word_1_172' title='bbox 1467 2579 1468 2582; x_wconf 38' lang='lat'>¹</span> 
     </span>
     <span class='ocr_line' id='line_1_23' title="bbox 318 2646 1427 2734; baseline -0.001 -24"><span class='ocrx_word' id='word_1_173' title='bbox 318 2647 454 2732; x_wconf 89' lang='lat' dir='ltr'>quidem</span> <span class='ocrx_word' id='word_1_174' title='bbox 488 2646 530 2710; x_wconf 90' lang='lat' dir='ltr'>ab</span> <span class='ocrx_word' id='word_1_175' title='bbox 556 2646 782 2711; x_wconf 88' lang='lat' dir='ltr'>Universitate</span> <span class='ocrx_word' id='word_1_176' title='bbox 816 2648 995 2711; x_wconf 85' lang='lat' dir='ltr'>Parisiensi</span> <span class='ocrx_word' id='word_1_177' title='bbox 1031 2650 1173 2732; x_wconf 88' lang='lat' dir='ltr'>rejectae</span> <span class='ocrx_word' id='word_1_178' title='bbox 1209 2659 1324 2730; x_wconf 79' lang='lat' dir='ltr'>sunt‚&#39;</span> <span class='ocrx_word' id='word_1_179' title='bbox 1342 2667 1427 2734; x_wconf 91' lang='lat' dir='ltr'>quun</span> 
     </span>
     <span class='ocr_line' id='line_1_24' title="bbox 318 2744 1427 2834; baseline -0.002 -26"><span class='ocrx_word' id='word_1_180' title='bbox 318 2746 414 2809; x_wconf 91' lang='lat' dir='ltr'>initio</span> <span class='ocrx_word' id='word_1_181' title='bbox 438 2744 561 2808; x_wconf 89' lang='lat' dir='ltr'>saeculi</span> <span class='ocrx_word' id='word_1_182' title='bbox 584 2745 840 2830; x_wconf 90' lang='lat' dir='ltr'>decimiseptimi</span> <span class='ocrx_word' id='word_1_183' title='bbox 866 2747 900 2809; x_wconf 92' lang='lat' dir='ltr'>in</span> <span class='ocrx_word' id='word_1_184' title='bbox 925 2746 1041 2810; x_wconf 87' lang='lat' dir='ltr'>eadem</span> <span class='ocrx_word' id='word_1_185' title='bbox 1066 2769 1147 2810; x_wconf 90' lang='lat' dir='ltr'>sana</span> <span class='ocrx_word' id='word_1_186' title='bbox 1176 2747 1331 2812; x_wconf 89' lang='lat' dir='ltr'>doctrina</span> <span class='ocrx_word' id='word_1_187' title='bbox 1354 2768 1427 2834; x_wconf 84' lang='lat' dir='ltr'>prae</span> 
     </span>
     <span class='ocr_line' id='line_1_25' title="bbox 318 2842 1428 2931; baseline 0.001 -27"><span class='ocrx_word' id='word_1_188' title='bbox 318 2842 459 2924; x_wconf 88' lang='lat' dir='ltr'>valeret,</span> <span class='ocrx_word' id='word_1_189' title='bbox 484 2852 650 2924; x_wconf 87' lang='lat' dir='ltr'>attamen,</span> <span class='ocrx_word' id='word_1_190' title='bbox 675 2844 723 2906; x_wconf 92' lang='lat' dir='ltr'>uti</span> <span class='ocrx_word' id='word_1_191' title='bbox 747 2844 820 2906; x_wconf 87' lang='lat' dir='ltr'>fieri</span> <span class='ocrx_word' id='word_1_192' title='bbox 844 2842 934 2924; x_wconf 87' lang='lat' dir='ltr'>solet,</span> <span class='ocrx_word' id='word_1_193' title='bbox 960 2844 1049 2929; x_wconf 90' lang='lat' dir='ltr'>apud</span> <span class='ocrx_word' id='word_1_194' title='bbox 1075 2847 1184 2908; x_wconf 89' lang='lat' dir='ltr'>varios</span> <span class='ocrx_word' id='word_1_195' title='bbox 1208 2845 1330 2928; x_wconf 90' lang='lat' dir='ltr'>laicos,</span> <span class='ocrx_word' id='word_1_196' title='bbox 1354 2865 1428 2931; x_wconf 87' lang='lat' dir='ltr'>prae·</span> 
     </span>
     <span class='ocr_line' id='line_1_26' title="bbox 318 2939 1280 3028; baseline 0.004 -24"><span class='ocrx_word' id='word_1_197' title='bbox 318 2942 431 3004; x_wconf 89' lang='lat' dir='ltr'>sertim</span> <span class='ocrx_word' id='word_1_198' title='bbox 456 2942 677 3025; x_wconf 86' lang='lat' dir='ltr'>magistratus,</span> <span class='ocrx_word' id='word_1_199' title='bbox 703 2939 824 3003; x_wconf 90' lang='lat' dir='ltr'>similia</span> <span class='ocrx_word' id='word_1_200' title='bbox 847 2942 1012 3028; x_wconf 87' lang='lat' dir='ltr'>principia</span> <span class='ocrx_word' id='word_1_201' title='bbox 1035 2951 1169 3027; x_wconf 87' lang='lat' dir='ltr'>recepta</span> <span class='ocrx_word' id='word_1_202' title='bbox 1193 2953 1280 3010; x_wconf 87' lang='lat' dir='ltr'>sunt.</span> 
     </span>
    </p>

    <p class='ocr_par' dir='ltr' id='par_1_7' title="bbox 317 3037 1428 3808">
     <span class='ocr_line' id='line_1_27' title="bbox 409 3037 1428 3124; baseline -0.004 -21"><span class='ocrx_word' id='word_1_203' title='bbox 409 3040 439 3103; x_wconf 89' lang='lat'>8.</span> <span class='ocrx_word' id='word_1_204' title='bbox 479 3041 591 3103; x_wconf 87' lang='lat' dir='ltr'>Pauca</span> <span class='ocrx_word' id='word_1_205' title='bbox 623 3039 663 3102; x_wconf 88' lang='lat' dir='ltr'>de</span> <span class='ocrx_word' id='word_1_206' title='bbox 687 3037 860 3103; x_wconf 84' lang='lat' dir='ltr'>Facultate</span> <span class='ocrx_word' id='word_1_207' title='bbox 883 3039 1070 3124; x_wconf 84' lang='lat' dir='ltr'>theologica</span> <span class='ocrx_word' id='word_1_208' title='bbox 1094 3041 1334 3106; x_wconf 87' lang='lat' dir='ltr'>Universitatis</span> <span class='ocrx_word' id='word_1_209' title='bbox 1356 3039 1428 3105; x_wconf 86' lang='lat' dir='ltr'>Pari-</span> 
     </span>
     <span class='ocr_line' id='line_1_28' title="bbox 318 3136 1428 3221; baseline -0.005 -20"><span class='ocrx_word' id='word_1_210' title='bbox 318 3139 436 3202; x_wconf 90' lang='lat' dir='ltr'>sieusis</span> <span class='ocrx_word' id='word_1_211' title='bbox 466 3138 660 3218; x_wconf 89' lang='lat' dir='ltr'>innuamus,</span> <span class='ocrx_word' id='word_1_212' title='bbox 697 3158 781 3221; x_wconf 90' lang='lat' dir='ltr'>quae</span> <span class='ocrx_word' id='word_1_213' title='bbox 805 3136 961 3202; x_wconf 86' lang='lat' dir='ltr'>Facultas</span> <span class='ocrx_word' id='word_1_214' title='bbox 991 3139 1091 3201; x_wconf 87' lang='lat' dir='ltr'>etiam</span> <span class='ocrx_word' id='word_1_215' title='bbox 1122 3140 1258 3202; x_wconf 88' lang='lat' dir='ltr'>nomine</span> <span class='ocrx_word' id='word_1_216' title='bbox 1283 3139 1428 3204; x_wconf 72' lang='lat' dir='ltr'>Sordones</span> 
     </span>
     <span class='ocr_line' id='line_1_29' title="bbox 320 3232 1428 3321; baseline -0.004 -22"><span class='ocrx_word' id='word_1_217' title='bbox 320 3235 487 3318; x_wconf 87' lang='lat' dir='ltr'>designari</span> <span class='ocrx_word' id='word_1_218' title='bbox 518 3234 610 3298; x_wconf 87' lang='lat' dir='ltr'>solet.</span> <span class='ocrx_word' id='word_1_219' title='bbox 643 3235 736 3299; x_wconf 78' lang='lat' dir='ltr'>Erat</span> <span class='ocrx_word' id='word_1_220' title='bbox 765 3234 922 3299; x_wconf 86' lang='lat' dir='ltr'>videlieet</span> <span class='ocrx_word' id='word_1_221' title='bbox 945 3235 1094 3300; x_wconf 83' lang='lat' dir='ltr'>Sorbona</span> <span class='ocrx_word' id='word_1_222' title='bbox 1118 3236 1324 3320; x_wconf 88' lang='lat' dir='ltr'>Collegium,</span> <span class='ocrx_word' id='word_1_223' title='bbox 1356 3232 1428 3321; x_wconf 90' lang='lat' dir='ltr'>quod</span> 
     </span>
     <span class='ocr_line' id='line_1_30' title="bbox 319 3332 1428 3400; baseline -0.001 -4"><span class='ocrx_word' id='word_1_224' title='bbox 319 3355 434 3396; x_wconf 86' lang='lat' dir='ltr'>versus</span> <span class='ocrx_word' id='word_1_225' title='bbox 469 3355 497 3398; x_wconf 90' lang='lat' dir='ltr'>a.</span> <span class='ocrx_word' id='word_1_226' title='bbox 535 3332 620 3398; x_wconf 84' lang='grc'>1252</span> <span class='ocrx_word' id='word_1_227' title='bbox 658 3332 854 3398; x_wconf 85' lang='lat' dir='ltr'>Ludovicus</span> <span class='ocrx_word' id='word_1_228' title='bbox 894 3332 1022 3398; x_wconf 85' lang='lat' dir='ltr'>Sorbon</span> <span class='ocrx_word' id='word_1_229' title='bbox 1064 3334 1250 3398; x_wconf 76' lang='lat' dir='ltr'>sacellarius</span> <span class='ocrx_word' id='word_1_230' title='bbox 1286 3357 1311 3400; x_wconf 89' lang='lat' dir='ltr'>s.</span> <span class='ocrx_word' id='word_1_231' title='bbox 1336 3333 1428 3398; x_wconf 90' lang='lat' dir='ltr'>Ludo-</span> 
     </span>
     <span class='ocr_line' id='line_1_31' title="bbox 319 3429 1427 3517; baseline -0.001 -25"><span class='ocrx_word' id='word_1_232' title='bbox 319 3432 386 3494; x_wconf 90' lang='lat' dir='ltr'>vici</span> <span class='ocrx_word' id='word_1_233' title='bbox 410 3429 461 3493; x_wconf 93' lang='lat' dir='ltr'>IX</span> <span class='ocrx_word' id='word_1_234' title='bbox 485 3429 656 3511; x_wconf 82' lang='lat' dir='ltr'>fundavit,</span> <span class='ocrx_word' id='word_1_235' title='bbox 690 3440 789 3515; x_wconf 88' lang='lat' dir='ltr'>atque</span> <span class='ocrx_word' id='word_1_236' title='bbox 819 3432 906 3495; x_wconf 86' lang='lat' dir='ltr'>inter</span> <span class='ocrx_word' id='word_1_237' title='bbox 929 3431 1034 3495; x_wconf 89' lang='lat' dir='ltr'>multa</span> <span class='ocrx_word' id='word_1_238' title='bbox 1058 3429 1205 3517; x_wconf 78' lang='lat' dir='ltr'>Collegia</span> <span class='ocrx_word' id='word_1_239' title='bbox 1236 3433 1279 3497; x_wconf 89' lang='lat' dir='ltr'>ad</span> <span class='ocrx_word' id='word_1_240' title='bbox 1305 3434 1427 3498; x_wconf 87' lang='lat' dir='ltr'>Univer-</span> 
     </span>
     <span class='ocr_line' id='line_1_32' title="bbox 317 3527 1428 3615; baseline -0.003 -24"><span class='ocrx_word' id='word_1_241' title='bbox 317 3530 450 3592; x_wconf 90' lang='lat' dir='ltr'>sitatem</span> <span class='ocrx_word' id='word_1_242' title='bbox 483 3527 697 3612; x_wconf 61' lang='lat' dir='ltr'>spectantiail</span> <span class='ocrx_word' id='word_1_243' title='bbox 734 3527 996 3594; x_wconf 88' lang='lat' dir='ltr'>celeberrimum.</span> <span class='ocrx_word' id='word_1_244' title='bbox 1045 3529 1157 3610; x_wconf 76' lang='lat' dir='ltr'>Quum</span> <span class='ocrx_word' id='word_1_245' title='bbox 1194 3531 1229 3592; x_wconf 90' lang='lat' dir='ltr'>in</span> <span class='ocrx_word' id='word_1_246' title='bbox 1264 3553 1301 3594; x_wconf 95' lang='lat' dir='ltr'>eo</span> <span class='ocrx_word' id='word_1_247' title='bbox 1334 3529 1428 3615; x_wconf 89' lang='lat' dir='ltr'>plures</span> 
     </span>
     <span class='ocr_line' id='line_1_33' title="bbox 318 3625 1426 3712; baseline -0.002 -24"><span class='ocrx_word' id='word_1_248' title='bbox 318 3626 519 3711; x_wconf 84' lang='lat' dir='ltr'>professores</span> <span class='ocrx_word' id='word_1_249' title='bbox 543 3625 709 3710; x_wconf 85' lang='lat' dir='ltr'>degerent,</span> <span class='ocrx_word' id='word_1_250' title='bbox 736 3647 906 3690; x_wconf 90' lang='lat' dir='ltr'>consessus</span> <span class='ocrx_word' id='word_1_251' title='bbox 929 3626 1112 3691; x_wconf 87' lang='lat' dir='ltr'>Facultatis</span> <span class='ocrx_word' id='word_1_252' title='bbox 1134 3627 1348 3709; x_wconf 88' lang='lat' dir='ltr'>haberentur,</span> <span class='ocrx_word' id='word_1_253' title='bbox 1371 3646 1426 3712; x_wconf 92' lang='lat' dir='ltr'>pro·</span> 
     </span>
     <span class='ocr_line' id='line_1_34' title="bbox 318 3723 1426 3808; baseline -0.004 -21"><span class='ocrx_word' id='word_1_254' title='bbox 318 3725 481 3787; x_wconf 88' lang='lat' dir='ltr'>motiones</span> <span class='ocrx_word' id='word_1_255' title='bbox 504 3723 676 3786; x_wconf 88' lang='lat' dir='ltr'>doctorum</span> <span class='ocrx_word' id='word_1_256' title='bbox 701 3734 771 3787; x_wconf 92' lang='lat' dir='ltr'>tum</span> <span class='ocrx_word' id='word_1_257' title='bbox 793 3723 881 3788; x_wconf 92' lang='lat' dir='ltr'>illius</span> <span class='ocrx_word' id='word_1_258' title='bbox 897 3723 1045 3808; x_wconf 87' lang='lat' dir='ltr'>Collegii,</span> <span class='ocrx_word' id='word_1_259' title='bbox 1070 3735 1141 3788; x_wconf 85' lang='lat' dir='ltr'>tum</span> <span class='ocrx_word' id='word_1_260' title='bbox 1158 3724 1300 3788; x_wconf 87' lang='lat' dir='ltr'>aliorum</span> <span class='ocrx_word' id='word_1_261' title='bbox 1317 3726 1426 3800; x_wconf 89' lang='lat' dir='ltr'>fierent,</span> 
     </span>
    </p>
   </div>
   <div class='ocr_carea' id='block_1_4' title="bbox 316 3977 1423 4269">
    <p class='ocr_par' dir='ltr' id='par_1_8' title="bbox 393 3977 1071 4044">
     <span class='ocr_line' id='line_1_35' title="bbox 393 3977 1071 4044; baseline 0.007 -14"><span class='ocrx_word' id='word_1_262' title='bbox 393 3978 413 4044; x_wconf 87' lang='lat'>¹)</span> <span class='ocrx_word' id='word_1_263' title='bbox 431 3977 503 4032; x_wconf 86' lang='lat' dir='ltr'>Hist.</span> <span class='ocrx_word' id='word_1_264' title='bbox 523 3977 602 4034; x_wconf 83' lang='lat' dir='ltr'>(lonc.</span> <span class='ocrx_word' id='word_1_265' title='bbox 622 3977 694 4032; x_wconf 91' lang='lat' dir='ltr'>Trid.</span> <span class='ocrx_word' id='word_1_266' title='bbox 713 3980 744 4036; x_wconf 89' lang='lat' dir='ltr'>L.</span> <span class='ocrx_word' id='word_1_267' title='bbox 764 3980 864 4034; x_wconf 88' lang='lat' dir='ltr'>XXIV.</span> <span class='ocrx_word' id='word_1_268' title='bbox 884 3980 913 4037; x_wconf 83' lang='lat' dir='ltr'>C.</span> <span class='ocrx_word' id='word_1_269' title='bbox 933 3980 981 4038; x_wconf 91' lang='lat' dir='ltr'>IX.</span> <span class='ocrx_word' id='word_1_270' title='bbox 1001 3997 1027 4037; x_wconf 92' lang='lat' dir='ltr'>n.</span> <span class='ocrx_word' id='word_1_271' title='bbox 1047 3983 1071 4035; x_wconf 89' lang='lat'>8.</span> 
     </span>
    </p>

    <p class='ocr_par' dir='ltr' id='par_1_9' title="bbox 316 4055 1423 4269">
     <span class='ocr_line' id='line_1_36' title="bbox 391 4055 1423 4128; baseline 0.002 -19"><span class='ocrx_word' id='word_1_272' title='bbox 391 4055 413 4122; x_wconf 61' lang='lat' dir='ltr'>l)</span> <span class='ocrx_word' id='word_1_273' title='bbox 433 4056 486 4110; x_wconf 85' lang='lat' dir='ltr'>Sub</span> <span class='ocrx_word' id='word_1_274' title='bbox 499 4055 636 4112; x_wconf 90' lang='lat' dir='ltr'>Ludovico</span> <span class='ocrx_word' id='word_1_275' title='bbox 653 4059 695 4112; x_wconf 89' lang='lat' dir='ltr'>XI</span> <span class='ocrx_word' id='word_1_276' title='bbox 713 4065 792 4113; x_wconf 86' lang='lat' dir='ltr'>erant</span> <span class='ocrx_word' id='word_1_277' title='bbox 813 4060 846 4114; x_wconf 89' lang='lat'>18</span> <span class='ocrx_word' id='word_1_278' title='bbox 859 4061 986 4128; x_wconf 85' lang='lat' dir='ltr'>collegia;</span> <span class='ocrx_word' id='word_1_279' title='bbox 1006 4061 1120 4128; x_wconf 86' lang='lat' dir='ltr'>Duprat,</span> <span class='ocrx_word' id='word_1_280' title='bbox 1141 4063 1297 4117; x_wconf 77' lang='lat' dir='ltr'>lllnldonat</span> <span class='ocrx_word' id='word_1_281' title='bbox 1310 4070 1336 4116; x_wconf 88' lang='lat' dir='ltr'>et</span> <span class='ocrx_word' id='word_1_282' title='bbox 1353 4059 1423 4116; x_wconf 84' lang='lat' dir='ltr'>l&#39;l&#39;ni·</span> 
     </span>
     <span class='ocr_line' id='line_1_37' title="bbox 316 4137 1423 4213; baseline 0 -22"><span class='ocrx_word' id='word_1_283' title='bbox 316 4137 418 4191; x_wconf 75' lang='lat' dir='ltr'>nera-iti</span> <span class='ocrx_word' id='word_1_284' title='bbox 437 4137 470 4190; x_wconf 83' lang='lat' dir='ltr'>de</span> <span class='ocrx_word' id='word_1_285' title='bbox 490 4138 587 4202; x_wconf 84' lang='lat' dir='ltr'>Poris,</span> <span class='ocrx_word' id='word_1_286' title='bbox 608 4155 637 4206; x_wconf 82' lang='lat' dir='ltr'>p.</span> <span class='ocrx_word' id='word_1_287' title='bbox 657 4143 706 4205; x_wconf 86' lang='grc'>44,</span> <span class='ocrx_word' id='word_1_288' title='bbox 735 4145 858 4194; x_wconf 87' lang='lat' dir='ltr'>recenset</span> <span class='ocrx_word' id='word_1_289' title='bbox 876 4141 926 4207; x_wconf 79' lang='lat'>423</span> <span class='ocrx_word' id='word_1_290' title='bbox 954 4140 987 4193; x_wconf 89' lang='lat' dir='ltr'>ab</span> <span class='ocrx_word' id='word_1_291' title='bbox 1013 4141 1073 4194; x_wconf 90' lang='lat' dir='ltr'>aliis</span> <span class='ocrx_word' id='word_1_292' title='bbox 1099 4141 1184 4195; x_wconf 89' lang='lat' dir='ltr'>etiam</span> <span class='ocrx_word' id='word_1_293' title='bbox 1206 4143 1287 4210; x_wconf 87' lang='lat' dir='ltr'>plura</span> <span class='ocrx_word' id='word_1_294' title='bbox 1313 4142 1366 4213; x_wconf 83' lang='lat'>(63)</span> <span class='ocrx_word' id='word_1_295' title='bbox 1387 4154 1423 4192; x_wconf 88' lang='lat' dir='ltr'>m·</span> 
     </span>
     <span class='ocr_line' id='line_1_38' title="bbox 317 4222 464 4269; baseline 0.007 -1"><span class='ocrx_word' id='word_1_296' title='bbox 317 4222 464 4269; x_wconf 89' lang='lat' dir='ltr'>merantur.</span> 
     </span>
    </p>
   </div>
   <div class='ocr_carea' id='block_1_5' title="bbox 0 0 1486 4912">
    <p class='ocr_par' dir='ltr' id='par_1_10' title="bbox 0 0 1486 4912">
     <span class='ocr_line' id='line_1_39' title="bbox 0 0 1486 4912; baseline 0 0"><span class='ocrx_word' id='word_1_297' title='bbox 0 0 1486 4912; x_wconf 95' lang='lat' dir='ltr'> </span> 
     </span>
    </p>
   </div>
  </div>
 </body>
</html>
