3020 4908
400 510 439 564 De
457 507 634 563 Pontificibus
653 507 755 562 saeculi
773 507 878 563 XVIII.
1147 508 1202 560 403

70 663 279 739 sequeretur.
326 652 381 715 Ad
414 651 606 716 cathedram
630 650 662 716 S.
688 652 776 715 Petri
801 659 936 714 evectus
968 659 1112 734 systema
1137 671 1201 714 mo·
1226 652 1362 730 Suppresao

70 752 258 815 derationis
282 774 321 816 ac
346 753 596 816 concessionum
620 750 793 835 amplexus
817 759 903 834 erat,
928 751 1110 818 universim
1134 759 1201 812 ten·
1230 715 1350 823 &ilibim

72 849 193 913 dentia
215 847 394 913 Clementis
417 849 501 912 XIV
526 848 702 913 differebat
725 848 767 913 ab
792 871 846 928 ea,
871 849 1014 933 quaein
1039 845 1202 912 Societate

70 947 97 1012 J
101 969 160 1010 esu
178 947 323 1032 vigebat.
349 947 454 1011 Sicuti
465 947 621 1011 Pontifex
637 969 704 1010 non
721 946 818 1032 plane
833 955 1041 1031 perspectam
1057 945 1204 1009 habebat

72 1047 329 1130 perversitatem
353 1044 621 1109 adversariorum
643 1045 824 1125 Ecclesiae,
850 1045 907 1129 qui
931 1042 1100 1127 hypocrisi
1124 1065 1202 1129 qua·

71 1142 156 1206 dam
187 1142 298 1206 adhue
321 1144 479 1227 pietatem
511 1141 730 1223 simulabant,
755 1144 801 1207 ita
831 1162 1025 1226 persuasum
1057 1162 1123 1204 non
1147 1140 1202 1204 ha-

74 1239 196 1322 bebat,
233 1263 388 1325 magnam
421 1239 598 1303 utilitatem
630 1244 729 1304 etiam
760 1249 831 1304 tum
863 1261 905 1303 ex
933 1236 1096 1302 Societate
1119 1238 1202 1303 ‚Iesu

72 1337 247 1402 Ecclesiae
278 1348 311 1400 et
332 1338 485 1423 religioni
510 1336 692 1402 catholicae
723 1338 909 1422 provenire.
957 1336 1069 1417 Quum
1100 1338 1202 1420 igitur

73 1437 112 1498 in
144 1436 256 1500 multis
286 1436 479 1519 regionibus
506 1436 577 1521 jam
603 1438 637 1499 vi
668 1457 876 1521 suppressam
909 1456 978 1498 esse
1003 1432 1200 1498 Societatem

73 1532 221 1613 videret,
254 1541 286 1596 et
309 1535 529 1617 gravissimae
552 1533 721 1598 molestiae
755 1535 818 1618 ipsi
843 1555 885 1596 ex
909 1533 1075 1596 continuis
1099 1534 1201 1596 insec-

70 1630 257 1694 tationibus
280 1640 379 1716 atque
404 1654 446 1694 ex
470 1633 629 1696 instantia
652 1630 803 1696 aularum
828 1631 1061 1716 provenirent,
1086 1651 1200 1716 quum-

69 1750 139 1813 que
170 1729 256 1791 inter
281 1728 474 1793 Oardinalos
498 1728 646 1814 aliosque
671 1728 839 1793 Praelatos
872 1748 938 1792 non
963 1728 1062 1812 pauci
1092 1737 1200 1791 essent

69 1828 132 1912 qui
150 1824 307 1890 Societati
332 1827 606 1908 adversabantur,
633 1825 786 1891 Clemens
803 1826 896 1890 XIV
921 1846 994 1889 eam
1019 1826 1082 1889 sibi
1107 1826 1199 1890 effor-

72 1926 182 1988 mavit
205 1925 413 2009 opinionem,
447 1926 659 1989 existentiam
683 1925 858 1990 Societatis
881 1945 948 1987 non
972 1922 1115 2008 amplius
1139 1924 1199 1987 Ee-

71 2021 195 2086 clesiae
212 2022 337 2105 utilem,
358 2023 416 2087 sed
434 2022 605 2087 molestam
623 2045 703 2088 esse.
729 2022 827 2087 Unde
844 2031 918 2106 post
932 2022 1043 2084 varias
1060 2019 1198 2084 haesita·

70 2122 181 2185 tiones
205 2122 305 2203 igitur
328 2143 366 2184 eo
391 2120 555 2185 adductus
580 2130 638 2201 est,
664 2131 700 2183 ut
724 2121 778 2184 die
801 2116 958 2184 21⁰Julii
982 2141 1011 2183 a.
1031 2118 1116 2182 1773
1141 2141 1200 2203 per

69 2219 183 2282 Breve
205 2219 361 2282 Dominus
385 2242 422 2282 ae
438 2218 632 2305 Redemptor
648 2219 846 2284 Societatem
863 2218 945 2283 Jesu
969 2218 1198 2301 supprimeret.

71 2316 298 2379 Vehementer
315 2319 401 2381 curis
418 2316 658 2401 multiplicibus
680 2319 741 2380 ista
758 2319 792 2380 in
814 2338 858 2398 re,
883 2315 973 2378 lucta
990 2316 1144 2378 interiore
1167 2325 1200 2378 et

67 2435 197 2497 angore
220 2415 350 2477 animus
366 2414 537 2478 Pontificis
562 2423 746 2478 commotus
771 2415 872 2478 fuisse
897 2412 1039 2477 videtur.
1075 2413 1199 2476 incidit

67 2515 162 2575 enirn
187 2513 323 2575 nonita
348 2511 451 2576 multo
484 2522 557 2597 post
581 2513 641 2576 hos
665 2522 804 2576 eventus
830 2511 982 2576 Clemens
1006 2512 1041 2574 in
1065 2510 1198 2594 languo-

69 2631 160 2689 rem,
196 2619 228 2672 et
259 2631 346 2673 anno
381 2613 531 2695 sequenti
566 2610 619 2674 die
644 2611 704 2674 22⁰
728 2607 933 2695 Septembris
967 2631 1009 2671 ex
1041 2608 1104 2672 hac
1129 2611 1198 2672 vita

68 2707 224 2771 decessit.
279 2706 436 2771 Habebat
470 2717 581 2772 tamen
623 2709 694 2794 jam
735 2708 804 2771 fere
839 2708 1049 2791 septuaginta
1083 2728 1196 2788 annos,

72 2804 163 2868 unde
186 2827 245 2890 per
268 2827 302 2868 se
326 2804 516 2869 nullatenus
540 2807 662 2869 mirum
687 2815 747 2887 est,
782 2805 870 2891 quod
894 2804 1049 2868 Pontifex
1073 2804 1196 2868 valetu-

69 2903 162 2967 dinis
186 2924 251 2966 non
273 2903 454 2966 admodum
479 2903 594 2966 firmae
614 2925 652 2967 ea
667 2913 774 2967 aetate
797 2911 945 2966 mortuus
962 2902 1012 2965 sit.
1051 2901 1197 2986 Rogatus

65 3010 120 3065 est
146 2999 257 3065 multis
282 3002 448 3064 instantiis
472 3011 549 3065 ante
574 3004 727 3084 mertem,
753 3011 789 3064 ut
813 3001 1039 3064 manifestaret
1062 3001 1196 3066 numida

68 3098 230 3162 undecIm
248 3098 477 3164 Cardinalium
502 3120 584 3184 quos
607 3101 643 3162 iu
664 3110 788 3184 pectore
811 3115 1055 3179 reservaveram
1081 3098 1138 3161 sed
1162 3099 1196 3162 id

66 3198 182 3260 facere
215 3199 348 3260 omnino
382 3198 559 3262 recusavit.
607 3197 707 3261 Morti
741 3208 852 3261 autem
876 3196 947 3281 ejus
979 3217 1038 3280 per
1066 3206 1196 3281 stupen-

65 3295 153 3358 dum
186 3294 459 3379 reduplicationis
492 3294 688 3358 miraculum
727 3295 835 3358 adfuit
873 3317 897 3358 s.
932 3292 1122 3378 Alphonsus
1155 3294 1196 3358 de

67 3393 224 3477 Ligurio,
260 3393 349 3478 quod
385 3415 462 3456 sane
499 3402 534 3456 ut
569 3394 733 3477 Insignem
769 3394 911 3476 gratiam
947 3390 1097 3454 divinam
1127 3390 1196 3455 Ole-

67 3492 178 3555 menti
202 3491 294 3554 XIV
318 3513 338 3554 a
361 3491 434 3555 Deo
459 3492 652 3575 praestitam
676 3493 793 3555 merito
819 3489 1020 3569 habemus.¹)

67 3609 286 3616 ...-—-—...-.—.-

147 3650 168 3719 ¹)
189 3647 244 3703 Cfr.
265 3648 309 3718 (A.
322 3648 468 3716 Reumont)
488 3648 662 3717 Ganganelli,
682 3649 769 3716 Papst
787 3649 909 3705 Clemens
922 3652 997 3717 XIV,
1016 3652 1090 3706 seiae
1102 3650 1196 3706 Briefe

67 3729 128 3783 und
146 3729 221 3784 scine
232 3729 301 3783 Zeit.
320 3728 413 3782 Berlin
428 3729 512 3798 1847;
531 3729 814 3798 Denkwdrdngeiten
832 3732 878 3785 des
889 3732 1016 3787 Jesuiten
1028 3732 1054 3786 J.
1069 3731 1194 3795 Cartare,

66 3827 114 3878 ap.
125 3809 275 3879 Ddllinger,
285 3807 458 3877 BeitegeIlI.
468 3814 548 3875 3sqq.
558 3839 590 3848 -
597 3809 680 3863 Brevi
687 3815 749 3876 post
757 3817 871 3866 mortem
880 3811 1027 3866 Clementis
1034 3812 1100 3866 XIV
1110 3811 1196 3866 edidit

64 3890 99 3943 L.
121 3891 154 3944 Δ.
175 3888 336 3944 caraccioli:
361 3888 472 3942 Lettres
491 3889 687 3944 iuteressantes
711 3891 747 3944 du
766 3891 840 3958 Pape
859 3891 981 3947 clement
999 3893 1075 3962 XIV,
1099 3894 1115 3946 2
1135 3892 1194 3946 Vol.

65 3969 150 4024 Paris
171 3969 254 4036 1776,
277 3967 434 4036 pariterque
457 3969 549 4023 Vitem
572 3969 722 4024 Clementis
749 3971 812 4042 (Vie
831 3973 867 4025 du
885 3973 959 4040 Pape
978 3972 1100 4027 clement
1119 3972 1194 4041 XIV)

65 4050 142 4104 idem
161 4054 256 4104 auctor
273 4047 430 4116 publicavit.
461 4048 556 4103 Vitam
574 4049 644 4104 hanc
662 4051 754 4118 inepte
767 4051 946 4119 conscriptam
959 4067 1017 4107 esse
1029 4053 1084 4107 viri
1096 4068 1195 4121 graves

64 4129 251 4193 conveniunt,
277 4129 311 4182 de
329 4129 474 4196 genuitate
493 4135 584 4184 autem
602 4130 711 4184 iliarum
729 4131 885 4185 litterarum
903 4131 976 4185 Inter
995 4132 1115 4186 erudItos
1134 4148 1194 4188 con·

66 4211 243 4267 trovertitur.
275 4210 337 4274 Eas,
356 4209 475 4264 maxima
494 4211 590 4265 saltem
608 4216 694 4278 parte,
715 4210 748 4264 ab
765 4211 868 4266 editore
886 4212 1040 4279 suppositas
1053 4228 1111 4267 esse
1124 4213 1194 4267 varii

63 4294 194 4345 auctores
213 4289 380 4346 existimant.
417 4291 468 4344 Sed
486 4292 643 4358 praevalere
661 4290 771 4345 videtur
789 4293 927 4348 sententia
953 4307 1033 4358 quam
1049 4292 1194 4358 Reumont,

978 4381 1033 4436 26*
