3336 4908
297 485 337 541 De
355 485 373 540 J
375 483 522 540 ansonismi
540 484 648 553 origine
665 490 695 539 11
711 500 864 553 progressu.
1089 485 1148 540 223⁴

40 629 167 714 adeoque
191 630 250 707 vix
274 629 405 712 incepto
430 627 616 711 theologiae
636 628 759 709 studio,
792 650 867 692 eum
889 629 1036 693 Parisios
1064 651 1141 713 pro-

39 727 141 790 fectum
164 748 306 812 eumque
330 727 377 791 ibi
403 728 535 790 circiter
568 726 648 790 duos
671 748 773 789 anuos
796 737 1035 791 commoratum
1060 748 1140 792 esse.
1175 783 1179 792 .

40 825 111 888 Dein
138 826 342 907 aVcrgerio
376 846 451 888 eum
475 824 638 910 Bajonam
671 825 879 906 accersitum,
919 826 967 889 ibi
999 826 1143 890 undecim

32 921 234 1007 1111111111)
258 944 330 986 esse
347 932 524 988 versatum.
557 922 656 986 Anno
676 923 760 986 1617
785 922 982 988 laneenium
1005 923 1142 988 rediisse

38 1020 220 1102 Lovanium,
252 1042 295 1083 ex
328 1020 537 1084 documentis
567 1031 705 1084 constat.
729 1058 772 1068 —
796 1019 865 1084 Alii
889 1043 968 1085 vero
992 1031 1142 1085 auctores

37 1117 178 1181 lansenio
211 1119 337 1199 coaevi,
363 1120 410 1182 uti
435 1117 645 1183 Fromondus
670 1128 702 1182 et
725 1117 879 1182 Valerius
903 1116 1067 1206 Andreae,
1096 1122 1142 1183 re·

37 1215 138 1297 ferunt,
169 1216 368 1281 Jansenium
402 1239 465 1303 per
495 1217 616 1302 aliquot
646 1239 748 1281 ouuos
778 1218 922 1281 Lovanii
960 1216 1143 1301 theologiae

37 1314 193 1394 studuisse,
220 1315 298 1379 dein
310 1315 454 1378 Parisios
478 1337 550 1378 esse
574 1315 758 1399 profectum
783 1337 823 1378 ac
840 1326 954 1400 postea
969 1315 1141 1401 Bajonam

37 1410 125 1475 Addit
156 1411 311 1480 Valerius
344 1412 499 1476 Andreae
537 1435 613 1476 eum
651 1415 739 1498 ipsos
775 1412 941 1478 duodecim
977 1415 1074 1476 annis
1109 1415 1142 1476 in

36 1507 130 1574 Gallia
152 1510 265 1591 fuisse,
297 1510 387 1596 quod
411 1532 477 1574 non
501 1513 580 1574 satis
605 1510 759 1574 cohaeret
791 1533 867 1574 cum
899 1511 970 1595 ejus
1000 1512 1142 1591 assertis,

36 1618 59 1669 et
77 1609 225 1673 dansenii
249 1609 358 1673 reditu
383 1610 417 1671 in
441 1608 594 1693 Belgium
618 1631 646 1674 a.
675 1609 800 1688 mlv)

109 1751 138 1815 9.
177 1751 376 1831 densamus,
412 1750 621 1834 „Lovanium
646 1760 830 1832 revocatus,
863 1753 911 1814 ait
933 1749 1143 1816 Fromcudus
1172 1764 1295 1838 Jansonics

34 1847 60 1909 in
75 1850 206 1934 synopsi
223 1851 311 1912 vitae
335 1848 434 1930 illius,
459 1858 491 1911 et
515 1870 602 1912 novo
627 1871 651 1913 s.
668 1848 865 1913 Pulcheriae
883 1847 1028 1931 Collegio
1053 1868 1142 1932 prae·
1180 1829 1286 1868 ΝΜ·

33 1943 135 2029 fectus,
160 1947 282 2011 fundos
307 1957 338 2011 11
361 1946 497 2026 reditus,
523 1946 735 2032 suppeditata
759 1970 779 2010 a
804 1947 948 2010 dominis
964 1941 1149 2009 Provisoriss

33 2041 84 2107 bus
99 2047 251 2129 pecunia,
276 2035 368 2128 emit,
390 2045 545 2109 aedificia
562 2048 757 2127 construxit,
782 2054 953 2132 totumque
969 2038 1148 2128 collegium*

32 2152 117 2206 antea
141 2143 282 2207 informe
306 2143 348 2208 ad
366 2166 439 2207 eam
456 2165 555 2229 quam
580 2143 679 2207 hodie
704 2145 872 2208 cernimus
895 2145 1034 2207 formam
1059 2163 1145 2206 com·

31 2243 139 2323 posuit.
188 2239 272 2305 Cum
305 2263 382 2305 vero
415 2251 529 2326 postca
562 2265 642 2305 cura
673 2241 829 2305 familiari
854 2250 887 2304 et
909 2243 1069 2326 regimine
1092 2240 1144 2326 ju·

32 2341 174 2403 ventutis
191 2339 331 2404 multum
355 2341 513 2423 temporis
537 2341 604 2403 suis
629 2339 746 2403 studiis
768 2339 919 2424 deperire
936 2338 1144 2402 animadver-

33 2438 123 2519 tisset,
148 2440 262 2501 statuit
285 2438 399 2501 relicto
418 2435 563 2522 Collegio
588 2439 745 2523 privatim
771 2438 834 2502 sibi
860 2448 892 2501 et
916 2439 1019 2501 sacris
1044 2438 1145 2500 musis

32 2618 236 2626 *—

94 2724 115 2791 ¹)
136 2723 177 2789 „11
195 2727 238 2777 est
255 2722 410 2788 incroyable
428 2720 549 2775 combien
568 2721 601 2775 de
620 2721 703 2775 livres
722 2721 756 2775 ils
776 2721 958 2788 expediemur,
978 2737 1012 2775 ou
1025 2737 1094 2788 pour
1112 2736 1146 2775 en

30 2799 90 2857 faire
100 2803 147 2857 des
157 2802 281 2867 extraits,
299 2817 334 2855 ou
352 2817 420 2869 pour
438 2817 472 2855 en
490 2801 580 2867 copier
599 2801 638 2856 los
657 2801 785 2855 endroits·
796 2801 843 2867 qui
861 2801 921 2856 leur
940 2802 1045 2856 etaient
1057 2803 1146 2855 neces·

30 2881 114 2947 uires,
142 2886 171 2936 et
198 2881 318 2936 combien
336 2882 369 2935 de
387 2881 517 2935 richesses
536 2881 570 2934 ils
588 2884 771 2936 tumescerent
795 2882 896 2936 durant
923 2887 997 2936 cette
1024 2881 1147 2944 renuite,

29 2964 142 3027 pendant
160 2962 275 3029 laquelle
293 2961 327 3016 ils
345 2961 498 3016 resolurent
516 2961 549 3015 de
567 2976 696 3016 renonoer
715 2964 732 3014 a
750 2967 827 3027 tout,
854 2967 882 3016 11
901 2977 935 3016 11
954 2978 1022 3016 aura
1040 2963 1148 3030 peinea

30 3042 104 3107 voire,
133 3042 253 3096 combien
280 3058 323 3096 ees
350 3042 421 3096 deux
442 3041 538 3110 jeunes
564 3041 681 3096 hommes
710 3043 860 3097 dormirent
878 3043 911 3097 dc
930 3049 998 3098 tems
1017 3046 1034 3096 a
1052 3057 1105 3097 une
1124 3042 1147 3095 si

30 3120 182 3190 rigourcmc
201 3122 323 3187 retraite,
348 3138 397 3175 aar
414 3123 450 3175 ils
469 3122 652 3190 yposse'reut
676 3121 742 3191 pris
762 3123 795 3176 de
814 3139 880 3175 1111
899 3126 978 3176 111.“
1016 3121 1106 3190 Rapin
1124 3121 1146 3175 Ι.

30 3201 65 3257 il.
84 3233 119 3241 -
138 3203 240 3271 Ingens
258 3208 350 3256 tamen
363 3201 487 3257 Jansenii
506 3201 626 3255 studium
645 3201 843 3270 aliquantisper
862 3206 1061 3270 exaggeratum
1073 3200 1147 3255 vide

30 3285 74 3333 tur.
113 3282 182 3335 Nam
201 3297 285 3348 quum
301 3288 372 3336 esset
390 3283 543 3335 moderator
561 3282 677 3351 collegii,
703 3281 824 3349 profecto
849 3281 911 3335 aliis
936 3281 1056 3350 negotiis
1082 3282 1149 3334 mul·

30 3366 81 3414 tum
100 3362 230 3430 temporis
249 3362 403 3429 impendere
421 3361 524 3416 debuit.

95 3467 118 3536 ²)
137 3469 303 3522 Fromondus
316 3468 345 3522 in
356 3468 469 3536 Synopsi
482 3468 557 3522 vitae
570 3469 730 3538 Auqustiuo
751 3467 787 3537 (a.
800 3467 881 3537 1640)
901 3468 1057 3533 praemissa,
1076 3472 1149 3533 post

31 3560 105 3611 quarn
123 3549 272 3612 enarravit,
291 3564 317 3602 a.
338 3549 406 3602 1604
424 3547 584 3601 Jansenium
603 3548 632 3601 in
650 3547 819 3615 philosophia
838 3546 953 3614 primum
970 3562 1028 3601 esse
1051 3562 1149 3601 renun-

30 3626 130 3694 tiatum,
159 3627 343 3697 prosequitur:
376 3627 557 3696 „Theologiac
582 3643 643 3681 mox
664 3643 772 3694 operam
797 3627 918 3690 daturus,
949 3627 978 3680 in
1006 3626 1147 3694 collegium

30 3707 139 3764 Adriani
157 3709 198 3761 Vl
216 3708 246 3761 Ρ.
266 3709 300 3761 M.
322 3723 338 3760 a
357 3709 526 3761 moderatore
551 3706 609 3775 ejus
628 3707 730 3762 Jacobo
744 3706 885 3771 lamonia,
913 3706 973 3760 viro
997 3707 1102 3774 pictate
1120 3711 1150 3759 11

31 3786 148 3842 doctrina
166 3788 277 3853 illustri,
297 3787 417 3841 adscitus
436 3793 485 3841 est.
518 3787 585 3840 Post
604 3802 665 3841 1111
683 3791 712 3841 11
730 3786 867 3840 assiduum
886 3788 993 3855 aliquot
1011 3802 1149 3840 11111111

32 3867 145 3922 studium
164 3869 193 3922 in
213 3868 285 3922 tabis
310 3873 338 3922 11
362 3867 439 3921 vitae
465 3867 614 3934 periculum
631 3867 736 3931 incidit,
766 3867 837 3920 unde
860 3866 1019 3920 medicorum
1039 3865 1149 3919 oonsilio

31 3950 111 4004 solum
129 3955 158 4005 et
177 3954 266 4004 111111
284 3955 393 4004 vertere
412 3956 441 4002 11
459 3949 488 4002 11
507 3949 625 4003 Galliam
642 3949 812 4017 peregrinari
830 3946 998 4003 constituit.“
1024 3945 1150 3999 Valerius

32 4029 149 4085 Andreae
167 4030 277 4084 scribit:
296 4030 420 4095 „Primus
438 4029 466 4083 in
486 4029 581 4083 scholis
594 4029 703 4083 Artium
721 4029 913 4096 pronuntiatus
932 4043 956 4084 a.
979 4030 1054 4084 1604.
1079 4027 1150 4081 Hinc

32 4115 87 4173 post
105 4112 212 4178 1111111
231 4127 369 4164 erutorum
392 4109 513 4164 studium
531 4109 686 4178 theologiae
709 4109 860 4176 impensum
878 4107 995 4162 Galliam
1013 4107 1079 4174 adit,
1100 4148 1148 4166 ...

33 4186 169 4256 haesitque
197 4189 299 4257 partim
322 4189 450 4244 Lutetiae
469 4189 649 4255 Parisiorum,
677 4189 778 4257 partim
796 4188 928 4256 Bajonac,
956 4204 1046 4242 11111
1073 4189 1149 4256 ipsos

34 4267 197 4323 duodecim.“
233 4269 310 4323 Fasti
329 4268 447 4324 academ.
460 4268 562 4322 Lovan.
580 4286 606 4337 p.
628 4268 747 4335 13111.
767 4271 799 4321 2⁸
825 4284 850 4325 a.
870 4269 947 4323 1650.
