3034 4894
302 469 337 523 46
427 469 570 525 XXXVII.
589 469 629 522 De
647 468 735 523 initiis
753 485 786 523 ao
803 469 836 523 de
853 484 967 538 propag.
984 468 1294 538 pseudoreformationis.

303 613 382 694 fore,
400 625 437 676 ut
449 612 614 694 Pontifex,
640 614 772 695 negotio
790 612 948 693 confecto,
974 635 1043 676 rem
1059 613 1228 698 toleraret3
1253 614 1310 678 sed
1325 637 1430 700 quum

304 711 485 776 Catharina
509 711 552 774 ad
575 710 772 774 Pontificem
797 709 1004 795 appellasset,
1031 711 1109 796 jura
1133 712 1304 797 pontificia
1329 712 1432 797 plane

302 810 391 874 laesa
416 818 535 889 essent,
568 809 753 893 ingensque
789 807 985 872 scandalum
1015 810 1074 873 toti
1100 809 1221 895 populo
1247 810 1432 874 christiano

304 907 447 986 daretur,
472 907 602 969 muneri
627 922 685 969 suo
710 927 777 969 non
802 905 908 969 defuit
933 903 1085 969 Clemens
1110 908 1187 989 VII,
1217 908 1276 971 sed
1300 920 1428 973 senten·
1513 897 1514 942 l

303 1007 383 1069 tiam
417 1003 589 1068 Cramneri
621 1002 746 1067 nullam
779 1003 971 1084 declaravit,
1011 1026 1188 1090 regemque
1221 1006 1283 1070 sub
1320 1029 1433 1092 poena
1513 1025 1514 1032 ¹

303 1102 659 1167 excommunicationis
684 1100 898 1165 Catharinam
931 1104 1078 1187 recipere
1103 1103 1213 1186 jussit.
1260 1104 1433 1168 Henricus
1513 1169 1514 1176 ,

304 1221 382 1264 vero
406 1199 516 1263 furore
539 1201 685 1284 percitus
709 1221 785 1263 mox
812 1199 955 1263 schisma
980 1203 1014 1263 in
1038 1199 1194 1284 Angliam
1219 1204 1360 1267 invexit.
1513 1189 1514 1196 ἵ

161 1325 267 1364 schisma
392 1298 446 1362 48.
493 1297 592 1361 Anno
619 1298 705 1362 1534
736 1297 906 1379 videlicet,
943 1321 1044 1384 quum
1074 1310 1207 1362 senatus
1237 1321 1295 1362 seu
1324 1299 1431 1385 parla-

107 1454 115 1464 .
160 1387 265 1436 ‘imm'
305 1405 453 1460 mentum
483 1396 603 1458 iterum
632 1395 746 1458 haberi
779 1397 948 1481 coepisset,
977 1395 1244 1482 jurisdictionem
1276 1397 1430 1461 ecclesia-

304 1497 421 1560 sticam
445 1504 579 1557 senatus
604 1494 673 1578 ipse
698 1493 761 1557 sibi
786 1493 912 1574 tribuit,
946 1504 1045 1579 atque
1077 1516 1150 1557 eam
1178 1504 1281 1558 totam
1306 1495 1431 1560 deinde
1514 1479 1515 1486 ἵ

303 1595 337 1658 in
352 1614 429 1676 rege
454 1593 617 1655 contineri
634 1591 829 1670 declaravit,
854 1591 985 1655 decreto
1003 1591 1218 1678 promulgato,
1244 1616 1308 1678 quo
1328 1604 1432 1680 caput

302 1703 454 1754 terrestre
478 1702 511 1752 et
534 1711 726 1774 supremum
744 1688 903 1753 ecclesiae
919 1689 1126 1774 Anglicanae
1149 1693 1336 1776 principem
1358 1713 1431 1756 esse

302 1789 541 1876 pronuntiavit,
577 1786 668 1850 nulla
699 1787 830 1870 adjecta
864 1787 1022 1853 clausula.
1069 1789 1148 1851 Post
1181 1789 1305 1852 decreti
1340 1789 1430 1853 illius

302 1887 609 1974 promulgationem,
652 1884 817 1948 Henricus
848 1907 970 1949 novam
1002 1885 1089 1950 hanc
1113 1896 1308 1970 potestatem
1334 1911 1429 1951 suam
1515 1943 1516 1964 ,

302 1987 337 2049 in
361 1987 516 2048 universo
541 2003 642 2066 regno
668 1983 890 2047 exercendam
915 1985 986 2046 sine
1010 2005 1102 2047 mora
1126 1986 1264 2049 curavit.
1315 1982 1429 2063 Quare

301 2084 381 2147 huic
413 2081 547 2146 scelesto
581 2080 717 2145 consilio
752 2091 1007 2144 consentaneam
1035 2082 1216 2165 juramenti
1250 2081 1429 2146 formulam
1515 2101 1516 2130 ³

302 2179 576 2246 conscribendam
597 2179 707 2263 jussit,
732 2179 821 2263 quod
840 2178 1070 2262 juramentum
1093 2182 1240 2265 episcopi
1266 2191 1298 2242 et
1322 2180 1429 2244 clerus
1515 2173 1516 2188 ¹

302 2280 409 2342 omnis
428 2278 542 2362 jurare
567 2277 673 2340 coacti
697 2285 783 2357 sunt,
809 2285 901 2339 tanta
925 2278 1100 2339 severitate
1124 2277 1285 2359 adhibita,
1312 2290 1348 2340 ut
1373 2281 1427 2363 qui

302 2375 335 2442 in
360 2376 450 2439 illam
475 2377 673 2439 sententiam
693 2375 807 2460 jurare
831 2385 1024 2456 recusasset,
1049 2386 1107 2439 aut
1128 2378 1299 2461 potestatis
1323 2377 1429 2460 ponti-

303 2477 398 2539 ticiae
429 2473 656 2537 defensionem
688 2475 895 2557 suscepisset,
922 2475 1040 2558 capitis
1065 2497 1172 2558 poena
1202 2473 1429 2538 mulctaretur.

303 2571 502 2636 Cramnerus
526 2592 604 2634 vero
629 2569 671 2634 ab
697 2571 842 2634 Henrioo
867 2571 954 2634 VIII
985 2571 1140 2635 Vicarius
1167 2571 1332 2655 generalis
1356 2593 1429 2634 con·

303 2672 444 2749 stitutus,
477 2679 576 2752 atque
600 2668 642 2731 ad
668 2668 888 2732 exercendam
913 2669 984 2752 ejus
1008 2670 1142 2732 nomine
1166 2691 1356 2754 supremam
1381 2691 1428 2732 ec-

304 2768 521 2833 clesiasticam
545 2777 739 2851 potestatem
765 2766 944 2850 delegatus,
970 2766 1137 2830 dioeceses
1161 2768 1254 2850 regni
1276 2788 1429 2851 peragra-

305 2867 362 2947 vit,
387 2889 427 2929 ac
443 2866 635 2928 visitatione
659 2886 718 2928 sua
743 2865 883 2928 durante
907 2866 1138 2949 episcoporum
1157 2864 1428 2950 jurisdictionem

304 2985 498 3048 suspensam
523 2962 715 3027 declaravit.
762 2962 807 3025 Hi
841 2983 929 3043 vero,
962 2962 1140 3026 fortissimo
1172 2963 1244 3025 viro
1268 2961 1428 3025 Fischero

304 3065 458 3148 episcopo
482 3061 630 3125 Roffensi
655 3069 804 3144 excepto,
845 3081 989 3144 eousque
1028 3059 1081 3124 vel
1118 3061 1246 3123 timoris
1287 3058 1341 3122 vel
1372 3060 1428 3122 im·

305 3158 493 3224 becillitatis
516 3160 679 3244 progressi
705 3167 790 3239 sunt,
822 3168 858 3221 ut
889 3169 1040 3243 patentes
1070 3158 1195 3222 litteras
1227 3160 1428 3242 acceperint,

304 3257 426 3344 quibus
450 3278 581 3320 omnem
601 3256 845 3341 jurisdictionis
869 3278 948 3319 suae
973 3257 1135 3340 originem
1149 3258 1183 3320 in
1195 3277 1273 3339 rege
1286 3256 1429 3340 positam

305 3376 385 3436 esse,
419 3363 450 3418 et
474 3377 508 3418 se
532 3353 622 3418 illam
646 3354 689 3418 ad
712 3355 800 3436 regis
823 3352 1071 3438 beneplacitum
1102 3375 1255 3418 exercere
1279 3353 1428 3417 fateban-

303 3465 367 3516 tur.
415 3452 525 3537 Atque
549 3454 583 3516 in
601 3453 661 3516 isto
687 3451 893 3515 exercendae
912 3452 1158 3537 jurisdictionis
1182 3450 1428 3515 ecclesiasticae

305 3552 470 3635 proposito
496 3549 661 3614 Henricus
686 3550 796 3636 quoad
819 3551 906 3614 vixit
930 3549 1051 3613 deindo
1075 3551 1312 3634 perseveravit.
1344 3551 1428 3614 Nam

305 3647 456 3712 abbatias
473 3658 505 3711 et
522 3651 720 3712 monasteria
744 3649 936 3733 suppressit,
962 3648 1150 3711 dioecesum
1175 3647 1322 3732 plurium
1347 3647 1427 3711 limi·

304 3758 353 3810 tes
378 3747 578 3830 immutavit,
616 3746 710 3810 sedes
742 3768 847 3810 novas
871 3745 1075 3832 episcopales
1099 3746 1250 3826 instituit,
1288 3765 1427 3830 quarum

304 3843 455 3908 redditus
486 3847 576 3928 regio
608 3843 788 3929 diplomate
819 3845 932 3907 statuti
961 3866 1000 3907 ac
1024 3843 1145 3907 firmati
1169 3853 1256 3907 sunt.
1306 3842 1426 3907 Contra

306 3964 361 4007 eos
385 3950 497 4006 autem
532 3944 588 4028 qui
622 3943 859 4026 suprematiam
897 3942 968 4026 ejus
1006 3962 1184 4025 agnoscere
1222 3948 1425 4017 recusarunt,

306 4060 529 4122 magnacum
554 4039 749 4104 crudelitate
771 4062 830 4102 rex
855 4039 1033 4124 procedere
1057 4060 1123 4102 non
1148 4038 1327 4103 dubitavit.
1373 4036 1426 4101 sic

307 4136 350 4201 ab
384 4138 454 4221 ipso
492 4136 635 4202 schisma
658 4137 883 4223 Anglicannm
919 4136 1093 4200 inductum
1127 4137 1206 4217 fnit3
1245 4135 1336 4221 quod
1366 4133 1424 4198 sub

306 4235 552 4299 successoribus
583 4236 653 4321 ejus
677 4238 771 4300 varia
795 4233 897 4298 subiit
920 4235 988 4298 fata
1019 4245 1051 4298 et
1081 4236 1115 4298 in
1147 4233 1311 4297 haeresim
1343 4252 1423 4295 com-
