3288 4900
479 430 531 488 116
768 429 925 484 XXXVIII.
944 429 985 483 De
1003 429 1124 483 Concilio
1142 428 1309 484 Tridentino.

479 576 542 639 nisi
573 583 650 638 ante
683 595 807 638 novum
838 593 979 637 examen
1010 575 1090 658 ipsis
1115 573 1343 656 praesentibus
1367 574 1595 651 instituatur.¹)

479 673 524 737 At
547 673 693 757 profecto
718 670 807 736 nullo
840 681 936 756 pacto
961 673 1105 755 permitti
1131 679 1270 754 poterat,
1303 680 1339 733 ut
1370 670 1503 734 articuli
1529 671 1592 755 jam

479 770 607 834 definiti
639 771 673 834 in
706 769 845 834 dubium
879 780 1124 848 revocarentur,
1158 778 1190 832 et
1214 789 1251 831 eo
1276 771 1347 852 ipso
1372 770 1463 855 quod
1488 768 1596 832 Patres

479 868 702 949 declarabant,
727 889 761 931 se
778 888 903 930 morem
919 887 1032 950 gerere
1049 865 1321 949 Protestantibus,
1347 866 1435 951 quod
1454 868 1591 951 ipsorum

478 965 660 1029 adventum
700 987 758 1050 pro
795 965 1001 1029 discussione
1039 964 1250 1028 articulorum
1293 965 1334 1027 de
1358 963 1594 1028 Communione

478 1063 723 1149 praestolarent,
749 1065 864 1126 merito
889 1062 1050 1147 implicite
1073 1062 1267 1141 innuebant,
1292 1061 1420 1148 reliqua
1446 1063 1593 1146 dogmata
1641 1107 1642 1122 t

472 1162 543 1247 jam
569 1160 717 1224 stabilita
739 1182 827 1224 novo
851 1162 998 1224 examini
1024 1161 1143 1245 subjici
1168 1182 1234 1224 non
1252 1139 1356 1245 posse,
1381 1199 1424 1208 —
1449 1161 1595 1225 Aderant
1641 1170 1642 1179 ¹

477 1269 588 1324 autem
612 1261 647 1323 in
671 1280 710 1322 ea
732 1261 877 1323 sessione
901 1257 1054 1323 Oratores
1078 1258 1278 1343 Septemviri
1295 1258 1592 1341 Brandenburgen·

479 1359 531 1438 sis,
557 1358 613 1442 qui
630 1355 849 1436 declararunt,
875 1358 1059 1441 principem
1085 1359 1197 1419 omnia
1221 1378 1306 1441 quae
1330 1379 1446 1420 sacrae
1464 1357 1595 1442 Synodo

477 1456 640 1542 placitura
653 1464 771 1536 essent,
797 1465 909 1518 sancte
923 1464 955 1517 et
967 1456 1104 1535 sincere,
1131 1466 1166 1518 ut
1182 1455 1367 1539 principem
1381 1455 1592 1519 christianum

478 1563 510 1618 et
533 1553 743 1617 obedientem
768 1552 873 1617 filium
890 1551 1060 1616 Ecclesiae
1086 1550 1266 1615 catholicae
1281 1552 1422 1633 deceret,
1449 1553 1593 1618 observa·

477 1662 588 1716 turum
613 1673 682 1714 esse
706 1659 739 1714 et
762 1649 1018 1733 defensurum.²)
1064 1649 1182 1712 Postea
1216 1660 1328 1712 tamen
1353 1652 1520 1735 promissa
1540 1673 1592 1713 non

479 1751 641 1836 implevit.

319 1855 455 1904 ‘¹³⁶¹1>⁰¹¹⁸¹⁰
572 1849 623 1912 72.
648 1846 817 1911 Postremo
841 1844 913 1908 loco
937 1847 971 1910 in
996 1868 1035 1909 ea
1058 1847 1202 1910 sessione
1225 1844 1457 1928 regisGalliae
1481 1847 1595 1926 libello,

303 1916 466 2019 “mum
481 1947 522 2011 de
553 1968 617 2032 quo
650 1967 750 2030 supra
782 1943 943 2024 diximus,
981 1964 1174 2028 responsum
1199 1953 1257 2007 est.
1304 1943 1443 2007 Henrici
1468 1945 1593 2030 quidem

480 2043 654 2109 consilium
678 2042 795 2124 fuerat,
821 2052 858 2105 ut
881 2062 946 2105 non
962 2052 1027 2105 tam
1046 2041 1245 2125 legationem
1260 2041 1435 2105 exhiberet
1452 2041 1596 2107 Concilio
1639 2050 1643 2128 fl

475 2164 576 2232 qnam
591 2139 779 2226 apologiam
795 2141 944 2203 societati
963 2139 1174 2218 christianae,
1199 2149 1232 2202 et
1246 2149 1420 2225 propterea
1434 2144 1594 2205 neminem
1642 2129 1643 2156 ³

475 2244 619 2320 miserat,
645 2239 702 2324 qui
726 2236 932 2301 reddendam
949 2246 1070 2301 statuto
1087 2236 1140 2300 die
1157 2239 1406 2322 responsionem
1423 2241 1594 2323 acciperet,

475 2339 564 2426 quod
588 2337 678 2401 illam
703 2357 770 2400 non
792 2335 914 2399 habere
930 2335 1097 2419 cupiebat,
1122 2335 1332 2421 praevidens,
1358 2357 1509 2421 peream
1526 2358 1598 2400 suae
1640 2388 1642 2417 ,

474 2438 659 2524 oppositam
685 2433 869 2519 apologiae,
894 2435 999 2518 ipsius
1023 2455 1142 2498 nervos
1165 2432 1367 2497 labefactum
1392 2436 1445 2500 iri.
1480 2435 1544 2500 Sed
1560 2457 1596 2496 ex

440 2605 442 2608 ,
474 2537 613 2600 adverso
643 2532 798 2617 Synodus
832 2532 959 2597 studuit
988 2553 1182 2616 responsum
1220 2532 1320 2596 etiam
1352 2553 1419 2596 non
1454 2534 1594 2611 audienti

474 2633 623 2714 reddere,
648 2640 684 2694 ut
702 2629 784 2694 illud
808 2641 923 2714 postea
947 2631 1122 2693 universus
1145 2628 1234 2694 orbis
1258 2630 1399 2695 audiret.
1425 2669 1471 2678 —
1495 2631 1597 2715 Expo-

474 2740 612 2796 suerunt
636 2731 737 2813 igitur
759 2729 839 2812 regi,
866 2749 1003 2811 gravem
1028 2727 1212 2793 molestiam
1229 2750 1268 2792 ac
1283 2728 1543 2793 sollicitudinem
1559 2750 1596 2791 ex

475 2828 585 2894 libello
611 2837 644 2892 et
665 2827 783 2891 litteris
806 2847 866 2911 per
888 2827 992 2911 ipsius
1016 2827 1171 2890 nuntium
1188 2825 1318 2889 traditis
1332 2827 1435 2890 fuisse
1448 2826 1596 2890 Patribus

476 2929 654 3007 incussam,
681 2926 760 3011 quia
784 2922 964 2987 difficultas
987 2923 1065 2987 inde
1089 2923 1190 3008 objici
1214 2923 1297 3004 visa,
1322 2923 1412 2988 unde
1437 2923 1592 2988 auxilium

475 3024 680 3110 sperabatur.
728 3019 950 3085 cohortantur
974 3021 1051 3085 dein
1075 3023 1200 3107 ipsum,
1233 3032 1270 3084 ut
1301 3045 1321 3084 a
1353 3022 1503 3086 consiliis
1535 3022 1593 3086 suis

476 3122 621 3187 desistat.
668 3121 784 3184 Patres
808 3139 845 3182 eo
871 3121 1075 3199 convenisse,
1101 3140 1167 3183 non
1191 3128 1228 3182 ut
1252 3119 1436 3183 commodis
1460 3119 1594 3204 alicujus

475 3222 596 3284 terreni
621 3219 782 3304 principis
807 3218 979 3297 servirent,
1005 3216 1062 3280 sed
1087 3218 1236 3280 omnium
1261 3218 1454 3303 principum
1477 3219 1589 3282 Princi-

475 3319 536 3403 pis,
571 3319 627 3402 qui
652 3314 804 3379 Christus
828 3323 886 3379 est.
933 3315 986 3377 De
1010 3313 1095 3378 bello
1119 3315 1291 3379 Parmensi
1316 3337 1351 3378 se
1374 3316 1514 3379 minime
1546 3314 1585 3377 du·

474 3415 592 3497 bitare,
618 3416 698 3501 quin
711 3413 867 3477 Pontifex
884 3415 1041 3497 optimam
1057 3434 1189 3477 suorum
1208 3412 1423 3477 consiliorum
1440 3415 1588 3477 rationem

476 3523 560 3576 esset
575 3511 774 3575 redditurus.
807 3511 906 3590 Quod
922 3510 964 3574 ad
982 3514 1069 3596 ipsos
1093 3509 1291 3595 pertinebat,
1316 3510 1402 3574 nihil
1426 3511 1487 3576 sibi
1513 3519 1590 3595 opta·

475 3613 540 3675 tius
565 3633 644 3694 esse,
677 3632 776 3695 quam
800 3608 1072 3695 tranquillitatem
1096 3619 1196 3693 atque
1221 3609 1444 3691 concordiam,
1476 3607 1533 3672 sed
1555 3605 1592 3670 ob

475 3709 677 3795 peculiarem
703 3709 970 3788 controversiam,
996 3706 1167 3792 publicum
1192 3708 1277 3770 tanti
1298 3709 1459 3771 momenti
1474 3705 1590 3770 bonum

476 3809 613 3870 minime
637 3804 932 3891 praepediendum.
978 3804 1182 3868 Libertatem
1207 3806 1395 3868 antistitum
1411 3802 1538 3868 Galliae
1560 3803 1589 3864 in

478 3904 626 3968 Concilio
652 3903 742 3966 nulla
767 3904 893 3966 ratione
924 3902 1124 3987 periclitari3
1157 3901 1245 3987 quod
1280 3904 1307 3965 si
1332 3924 1410 3967 vero
1434 3901 1592 3966 antistites

481 4066 688 4073 -—-—-—

552 4133 570 4202 ¹)
589 4132 661 4189 Hiat,
683 4132 761 4185 Cone.
782 4133 811 4185 L.
834 4133 878 4186 IV.
899 4133 933 4186 ad
951 4149 975 4185 a.
996 4133 1074 4188 1551.

549 4215 571 4282 1”)
592 4214 623 4269 V.
644 4213 777 4278 Raynald.
796 4212 894 4266 Annal.
915 4229 939 4267 a.
961 4214 1027 4265 1551
1048 4227 1072 4265 n.
1093 4212 1135 4268 41.
1155 4212 1198 4267 42.
1223 4204 1226 4208 ’
