2964 4912
364 510 405 564 De
424 509 625 564 Constitutione
649 510 822 580 [bipertitus.
1102 511 1154 566 291

49 656 114 739 quis
135 654 281 735 clericus,
314 656 367 718 cui
392 653 640 717 sacramentalis
664 651 826 717 absolutio
851 653 1014 737 denegata
1037 656 1154 735 fuerat,
1218 659 1294 760 OQ

49 774 81 815 eo
104 753 187 838 quod
212 752 420 829 declarasset,
444 773 477 813 se
492 774 604 815 reuera
618 753 752 836 quinque
763 753 1000 836 propositiones
1017 751 1157 816 absolute
1175 732 1273 762 conscia
1285 731 1328 761 ’Μ’

48 861 74 912 et
92 851 274 937 simpliciter
297 852 451 914 damnare
475 874 511 914 ac
527 850 692 936 formulae
706 849 791 932 fidei
804 850 987 914 Alemandri
1008 852 1074 915 VII
1092 851 1159 916 snb-

47 949 200 1034 scripsisse
216 949 357 1034 quidem:
375 948 580 1012 nihilominus
593 958 744 1033 quaretum
760 947 804 1010 ad
819 949 1032 1032 quaestionem
1040 949 1159 1035 facti,
1225 990 1228 996 ·

46 1068 94 1109 seu
115 1047 350 1110 attributionem
382 1048 515 1131 quinque
544 1044 676 1108 illarum
693 1048 951 1130 propositionum
975 1046 1055 1110 libro
1080 1048 1158 1111 Jan·

46 1145 127 1222 senii,
165 1146 348 1208 emistimare
378 1166 421 1221 se,
460 1143 641 1228 religiosum
672 1141 814 1227 sufficere
846 1144 1014 1210 silentium.
1070 1145 1161 1209 Nihil

50 1264 195 1326 unquam,
228 1243 276 1304 uti
296 1243 367 1327 jam
392 1241 549 1322 vidimus,
584 1250 651 1303 tam
676 1240 767 1303 cordi
801 1241 864 1305 fuit
888 1242 1059 1327 discipulis
1083 1243 1160 1309 Jan·

46 1341 132 1418 senii,
164 1362 264 1424 quam
296 1339 433 1403 obtentu
466 1338 565 1424 hujus
596 1337 741 1421 religiosi
776 1338 898 1403 silentii
932 1342 1079 1424 magistri
1111 1343 1161 1404 sui

45 1437 224 1501 doctrinam
241 1439 388 1501 censuris
405 1438 532 1521 eripere
549 1447 581 1499 et
598 1435 786 1500 clanculum
799 1437 995 1502 diffundere.
1015 1438 1161 1518 Quadra·

45 1536 130 1617 ginta
155 1535 306 1600 doctores
329 1534 498 1617 theologos
513 1534 726 1615 parisienses,
753 1534 838 1597 inter
854 1556 936 1619 quos
951 1547 1044 1599 erant
1060 1536 1162 1622 aliqui

46 1631 245 1714 celebrioreS,
271 1633 318 1694 uti
343 1631 471 1696 Natalis
495 1631 696 1713 Alexander,
721 1631 935 1696 adduxerunt
957 1634 1000 1698 ad
1024 1635 1163 1698 subseri-

48 1729 186 1794 bendum
211 1731 370 1815 propositi
395 1731 428 1792 in
454 1729 542 1792 dicto
568 1727 655 1793 Casu
680 1730 903 1793 conscientiae
927 1732 1057 1795 articuli
1082 1731 1164 1796 solu-

47 1829 120 1890 tioni
134 1828 186 1892 his
204 1827 333 1892 verbis:
358 1829 510 1892 Docto-res
534 1827 740 1912 infrascripti
762 1827 831 1891 uisa
855 1851 947 1894 casus
967 1833 1164 1917 repositione

46 1937 172 2005 serment,
205 1927 298 2016 hujus
328 1925 532 1990 ecclesiastici
561 1927 625 1988 uiri
655 1927 842 1990 sententiam
871 1949 927 1990 mec
946 1917 1069 1991 *nouam
1099 1951 1164 1991 esse

46 2047 95 2086 nec
117 2024 320 2110 simularem,
344 2049 400 2089 nec
424 2025 463 2088 ab
488 2024 630 2087 Ecclesia
655 2024 860 2103 damnatam
889 2049 986 2111 neque
1015 2025 1110 2090 talem
1131 2037 1166 2088 ut

50 2119 267 2207 Confessarius
284 2123 390 2207 possit
413 2123 479 2207 ipsi
494 2121 754 2184 sacramentalem
770 2122 923 2208 denepare
940 2121 1163 2186 absolutionem

49 2221 105 2282 nis-i
126 2241 197 2282 eam
221 2221 452 2283 retractaverit.
484 2217 705 2282 Deliberatum
728 2221 763 2282 in
787 2218 932 2283 Sarbena
954 2221 1006 2283 die
1022 2224 1064 2284 20
1080 2219 1166 2285 Julii

50 2319 137 2380 1701.
186 2317 334 2380 Numero
359 2338 398 2381 ae
423 2317 568 2401 pondere
593 2317 814 2401 quadraginta
839 2317 969 2381 illorum
994 2319 1165 2383 doctorum

46 2436 131 2498 spem
164 2425 287 2478 certam
322 2425 542 2500 conceperant
572 2414 792 2495 Jansenistae,
832 2415 979 2478 futurum
1013 2426 1049 2478 ut
1082 2419 1167 2480 votis

46 2513 109 2575 suis
132 2512 271 2576 tandem
296 2512 493 2576 fruerentur.
541 2511 606 2575 Sed
640 2534 717 2575 mox
741 2534 889 2575 summus
913 2514 1072 2577 Pontifex
1097 2513 1167 2577 Cle·

49 2631 135 2673 mens
159 2610 213 2674 XI
249 2609 336 2673 hanc
360 2610 441 2673 dicti
471 2632 566 2673 casus
597 2609 792 2673 solutionem
826 2607 956 2674 decreto
997 2611 1073 2676 dato
1114 2611 1167 2674 die

52 2708 105 2770 12⁰
128 2709 305 2773 Februarii
330 2708 514 2771 annilius
539 2707 722 2787 damnavit,
748 2730 787 2770 ac
810 2707 918 2772 Breve
942 2708 1034 2772 dedit
1048 2708 1111 2772 hac
1127 2709 1167 2772 de

49 2828 78 2868 re
100 2807 143 2870 ad
167 2827 281 2889 regem
295 2803 433 2887 Galliae,
460 2827 523 2891 quo
541 2804 738 2890 postulabat,
764 2816 800 2868 ut
823 2808 1017 2870 auctoritate
1038 2829 1169 2892 quoque

49 2905 146 2988 ipsius
180 2903 323 2968 audacia
354 2903 483 2967 illorum
516 2905 663 2967 virorum
695 2905 938 2988 reprimeretur.
993 2905 1067 2968 Non
1098 2907 1169 2968 sine

48 3005 178 3066 motivis
204 3004 347 3087 suspicio
372 3003 497 3081 aderat,
521 3001 771 3086 archiepiscopo
793 3001 974 3066 Parisiensi
999 3001 1168 3067 Cardinali

47 3101 86 3164 de
110 3099 259 3164 Noailles
283 3109 397 3163 notum
422 3101 523 3164 fuisse
547 3100 640 3163 illum
665 3122 789 3180 casum,
824 3101 918 3163 initio
950 3110 1073 3164 secreto
1099 3122 1168 3185 pro-

49 3201 202 3281 positum,
234 3220 376 3284 eumque
407 3221 500 3262 suam
532 3220 663 3284 quoque
696 3197 867 3262 solutionis
897 3198 1168 3283 approbationem

49 3300 245 3380 promisisse.
295 3295 406 3376 Quum
438 3305 550 3360 tamen
574 3298 685 3360 statim
716 3305 790 3380 post
813 3294 1016 3380 publicatam
1041 3296 1171 3360 solutio-

49 3416 120 3458 nem
150 3405 290 3480 pateret,
322 3417 394 3457 eam
426 3394 468 3457 ab
500 3394 654 3458 omnibus
686 3395 823 3457 sinceris
849 3392 1029 3457 Catholicis
1053 3395 1170 3478 impro-

50 3490 127 3572 bari,
152 3492 424 3577 archiepiscopus
449 3493 547 3555 etiarn
573 3492 615 3556 ad
639 3493 726 3556 hanc
743 3502 870 3577 partem
889 3514 923 3556 se
940 3494 1047 3557 vertit.
1074 3492 1171 3556 iuvit

49 3612 121 3654 eum
162 3594 226 3654 ista
264 3593 298 3661 in
330 3613 364 3653 re
388 3590 577 3664 Bossuetus‚
615 3590 710 3674 cujus
741 3589 871 3652 influxu
910 3592 1058 3652 maxima
1096 3612 1172 3673 pars

49 3686 231 3770 doctorum,
264 3689 421 3772 (primum
445 3686 572 3750 Natalis
596 3687 813 3771 Alexander,)
843 3686 980 3750 adducti
1011 3687 1109 3762 sunt,'
1136 3699 1172 3750 ut

49 3785 90 3847 ad
114 3788 380 3849 retractationem
416 3784 587 3849 solutionis
618 3787 725 3870 parati
765 3793 883 3848 essent.
932 3785 996 3847 Die
1029 3785 1090 3848 22⁰
1113 3785 1170 3848 Fe-

53 3881 175 3947 bruarii
206 3886 285 3948 anni
312 3883 397 3946 1703
429 3885 530 3965 igitur
561 3882 831 3967 archiepiscopus
861 3884 1011 3945 censoria
1042 3881 1171 3964 virgula

51 3978 248 4043 solutionem
273 4003 368 4044 casus
393 3983 595 4065 perstrinxit,
630 3990 662 4043 et
688 3980 817 4066 judicio
842 3979 1003 4065 praesulis
1028 3979 1171 4063 theologi

53 4077 252 4142 Parisienses
277 4081 332 4164 qui
358 4079 483 4143 dictum
509 4079 730 4141 conscientiae
756 4100 869 4140 cassim
893 4077 1171 4162 approbaverant¹

56 4177 166 4256 paucis
191 4178 349 4261 exceptis,
373 4186 529 4240 revocata
553 4178 660 4261 priore
685 4199 745 4239 sua
768 4176 1021 4260 subscriptione,
1046 4198 1080 4240 se
1099 4176 1173 4240 sub-

50 4270 211 4354 jecerunt
258 4274 468 4340 iansenistao
502 4273 638 4359 quidem
663 4295 783 4357 magno
808 4274 918 4337 furore
942 4274 1051 4336 affecti
1077 4284 1171 4348 sunt;

1016 4378 1065 4432 19*
