3288 4900
490 449 541 505 146
778 449 935 506 XXXVIII.
955 448 995 501 De
1015 446 1132 502 Concilio
1150 447 1318 503 Tridentino.

489 595 681 658 affectorum
712 595 869 657 susurris
884 592 1046 677 depravat
1047 615 1086 655 ns
1116 592 1231 673 fuerat,
1262 590 1360 674 longe
1392 592 1641 677 corruptiores

489 694 617 757 animos
640 701 812 776 gesserunt
835 690 923 754 illius
947 690 1102 775 collegae,
1127 690 1296 753 Ferrerius
1320 699 1353 753 et
1369 689 1490 756 Faber.
1520 690 1603 752 Prior

488 790 587 854 valde
615 799 786 875 suspectae
816 799 887 853 erat
915 788 1094 873 religionis,
1128 796 1245 873 utpote
1271 769 1328 873 qui
1359 798 1476 851 auctor
1508 788 1604 851 fuerat

489 891 522 952 in
548 898 715 953 conventu
739 911 763 952 e.
789 887 961 966 Germani,
986 897 1023 950 ut
1046 886 1221 954 haereticis
1245 884 1369 970 templa
1392 885 1600 950 concederes

487 997 551 1069 tur,
581 987 705 1073 quodt
706 1008 804 1050 amen
828 1007 929 1071 quum
955 985 998 1049 ad
1023 983 1210 1048 Concilium
1235 983 1427 1068 designatus
1450 993 1552 1065 esset,
1579 986 1601 1045 in

488 1083 598 1151 Gallia
620 1084 711 1170 apud
724 1083 871 1169 legatum
888 1083 1059 1146 Pontificis
1084 1103 1242 1145 excusare
1266 1081 1404 1162 studuit,
1429 1081 1602 1153 affirmans

488 1183 573 1248 velle
597 1205 631 1246 ee
656 1184 691 1246 in
714 1184 852 1268 antiqua
885 1180 951 1245 fide
983 1182 1097 1244 vivere
1121 1189 1154 1244 et
1178 1181 1271 1244 mori.
1320 1179 1472 1244 Gravius
1507 1158 1642 1243 adhuc

487 1281 660 1346 laborabat
687 1281 796 1344 Faber
833 1281 966 1343 sinistro
1001 1277 1170 1362 religionis
1193 1277 1301 1358 fama3
1341 1276 1436 1340 sed
1427 1300 1457 1340 rs
1485 1278 1604 1341 modica

390 1449 393 1454 ,
487 1381 682 1444 auctoritate
706 1381 886 1442 instructus
910 1387 1056 1459 venerat,
1082 1386 1114 1440 et
1130 1378 1249 1462 potius,
1275 1385 1310 1438 ut
1325 1374 1427 1460 polita
1444 1390 1605 1461 peroraret

418 1554 419 1562 ἵ
487 1478 655 1559 facundia,
681 1499 780 1562 quam
806 1487 916 1540 utres
940 1475 1254 1561 politicatractaret
1277 1473 1469 1558 prudentia.
1507 1476 1604 1560 Atque

488 1579 557 1661 ipse
583 1576 636 1640 die
661 1575 721 1639 26⁰
737 1575 818 1638 Maii
843 1576 1025 1637 orationem
1049 1571 1167 1636 habuit
1190 1572 1233 1634 ad
1258 1570 1432 1655 Synodum
1459 1595 1603 1657 arrogan-

487 1688 551 1740 tem
583 1685 616 1738 et
645 1673 851 1755 mordacem,
899 1694 965 1757 qua
1009 1670 1124 1734 Patres
1168 1691 1234 1733 non
1280 1668 1410 1732 modice
1457 1672 1600 1734 commod

487 1784 572 1838 sunt.
609 1773 766 1836 Attamen
791 1771 883 1855 pacis
907 1779 940 1833 et
964 1767 1228 1832 mansuetudinis
1242 1769 1350 1852 gratia
1367 1767 1548 1833 decretum
1571 1783 1602 1832 est

486 1875 520 1936 in
552 1880 718 1936 conventu
752 1870 806 1933 die
839 1869 935 1931 tertio
966 1868 1076 1948 Junii,
1110 1869 1263 1952 quamvis
1296 1888 1363 1930 non
1395 1869 1471 1930 sine
1508 1867 1604 1953 alique

487 1971 724 2034 sententiarum
761 1967 996 2051 discrepantia,
1031 1976 1065 2028 ut
1096 1987 1147 2029 res
1177 1964 1356 2029 baberetur
1388 1987 1447 2050 pro
1482 1967 1603 2042 infecta,

486 2069 642 2152 mitisque
673 2063 869 2131 Oratoribus
900 2063 1094 2128 redderetur
1126 2064 1294 2147 responsio
1327 2063 1381 2126 die
1414 2074 1553 2148 postero
1580 2066 1605 2127 in

487 2187 640 2230 sessione.

578 2262 650 2327 101.
680 2261 871 2326 Caesariani
882 2259 1037 2324 Oratores
1053 2258 1303 2341 adlaborabant,
1317 2270 1354 2325 ut
1363 2262 1606 2324 concessionem
1640 2291 1643 2351 3

487 2363 600 2427 calicis
624 2382 682 2446 pro
708 2359 864 2423 llohemis
888 2369 920 2422 et
944 2357 1122 2422 Germanis
1147 2358 1376 2442 impetrarent,
1409 2360 1524 2444 iisque
1549 2380 1606 2421 sese

481 2462 668 2545 junxerunt
683 2457 851 2522 Bavarici.
898 2456 1071 2519 Lansacus
1094 2466 1205 2519 autem
1230 2477 1294 2519 non
1320 2455 1429 2519 solum
1444 2454 1607 2521 Caesaria-

486 2580 602 2622 norum
627 2556 791 2642 postulato
817 2554 857 2618 dc
882 2553 996 2617 calicis
1020 2576 1081 2617 usu
1105 2552 1318 2634 adhaerebat,
1344 2558 1508 2640 quamvis
1532 2555 1606 2618 affir-

487 2666 592 2720 maret
616 2655 649 2718 id
673 2657 707 2718 in
732 2653 900 2717 mandetis
924 2652 987 2716 sibi
1012 2652 1144 2716 traditis
1173 2674 1240 2716 non
1264 2652 1392 2734 haberi,
1426 2653 1488 2717 sed
1521 2650 1607 2716 simul

486 2756 586 2817 etiem
618 2751 769 2816 inhiabat
801 2751 953 2836 plurimis
983 2750 1057 2813 aliis
1091 2750 1201 2835 legum
1226 2750 1535 2815 ecclesiasticarum
1559 2754 1605 2812 im·

487 2850 726 2917 mutationibus
750 2850 989 2928 immoderatis,
1015 2858 1128 2933 utpote
1152 2871 1228 2912 suas
1245 2849 1335 2934 apud
1350 2851 1512 2932 regiones
1529 2859 1605 2933 opta·

486 2949 620 3014 bilibus.
666 2948 843 3027 Nimirum,
868 2956 905 3010 ut
928 2946 1081 3032 publicae
1098 2949 1303 3033 precationes
1320 2957 1352 3010 et
1368 2946 1496 3012 Missae
1522 2947 1604 3011 sacri·

485 3049 599 3112 ficium
614 3046 737 3130 linguis
750 3044 944 3128 vulgaribus
960 3044 1168 3120 haberentur,
1185 3055 1223 3108 ut
1235 3044 1434 3109 Sanctorum
1451 3047 1603 3131 imagines

486 3135 703 3225 auferrentur,
728 3154 765 3206 ut
789 3145 924 3228 nuptiae
949 3142 1175 3206 sacerdotibus
1192 3145 1474 3226 permitterentur.
1525 3145 1601 3208 Haec

487 3251 597 3306 tamen
621 3241 794 3305 Lansacus
832 3262 898 3304 non
931 3239 1063 3325 publice
1088 3243 1266 3325 proposuit,
1298 3241 1356 3305 sed
1389 3263 1496 3326 quum
1524 3262 1597 3327 pran-

486 3340 579 3403 deret
603 3361 679 3402 cum
705 3337 857 3403 Cornelio
882 3340 1036 3424 episcopo
1053 3337 1268 3421 Bergomensi
1291 3339 1373 3402 tales
1398 3362 1520 3404 sensus
1544 3359 1596 3423 apc-

486 3439 563 3503 ruit.
610 3437 821 3501 Videbantur
845 3439 955 3521 itaque
980 3435 1134 3501 Oratores
1158 3459 1195 3501 eo
1219 3436 1369 3519 tendere,
1394 3448 1434 3502 ut
1457 3457 1601 3524 quocun·

487 3557 552 3620 que
580 3535 715 3599 tandem
741 3534 837 3598 modo
868 3534 1033 3598 seditiosis
1062 3535 1244 3616 satisfieret,
1274 3537 1374 3600 etiam
1409 3559 1487 3601 cum
1521 3535 1601 3621 gravi

488 3633 731 3698 ecclesiasticae
756 3632 953 3718 disciplinae
989 3632 1195 3698 detrimento.
1243 3633 1340 3697 Certe
1365 3634 1490 3699 talibus
1515 3634 1603 3698 rebus

488 3731 653 3793 concessis
684 3752 799 3794 omnes
823 3729 994 3794 Ecclesiae
1025 3729 1114 3814 leges
1139 3730 1210 3815 jam
1243 3729 1466 3796 labefactatae
1494 3740 1600 3796 essent.

489 3827 588 3908 Quod
605 3850 682 3891 vero
707 3828 817 3914 quoad
833 3827 922 3912 leges
937 3849 1069 3890 suorum
1087 3830 1275 3914 principum
1289 3831 1354 3893 viri
1373 3829 1422 3893 illi
1440 3849 1602 3916 nunquam

487 3924 691 4006 tolerassent,
716 3926 749 3989 id
774 3926 933 3988 audacter
956 3925 1168 4009 postulabant
1189 3949 1291 4012 quum
1307 3927 1348 3990 de
1365 3927 1496 4012 legibus
1511 3927 1602 3991 eccle·

489 4024 629 4086 siasticis
642 4034 803 4108 ageretur.
829 4023 1065 4107 Unusquisque
1081 4023 1238 4088 videlicet
1249 4024 1360 4108 largus
1385 4038 1435 4090 est
1458 4029 1492 4090 in
1502 4026 1602 4090 alieno

488 4142 599 4204 panno
622 4120 813 4201 resecando,
838 4141 902 4205 quo
929 4130 1053 4183 vestem
1077 4121 1119 4184 ad
1137 4144 1171 4185 se
1186 4123 1369 4187 fovendum
1385 4124 1549 4189 conficiat.
1565 4157 1601 4169 -

489 4217 643 4280 Pontifex
667 4239 768 4303 quum
793 4217 872 4282 talia
889 4217 1020 4282 adeum
1038 4217 1252 4302 deferrentur,
1277 4244 1317 4284 ac
1332 4221 1479 4308 reliquae
1494 4241 1600 4285 omnes
