3288 4900
289 1767 446 1807 Pallavicinus

288 1832 318 1870 de
331 1832 402 1870 Paulo
412 1833 452 1873 IV.

463 432 515 485 126
785 429 940 483 XXXVHI.
959 429 999 482 De
1018 428 1137 482 Concilio
1154 429 1321 482 Tridentino.

461 574 609 638 Difficile
633 583 681 637 est
699 573 863 659 judicare,
890 581 1000 636 utrum
1014 572 1138 635 Paulus
1163 572 1197 635 in
1223 595 1261 636 ea
1277 573 1464 658 rejicienda
1480 573 1583 638 zelum

461 694 528 736 non
561 673 639 735 satis
667 670 845 757 prudentia
876 671 1130 754 temperaverit3
1162 670 1223 734 sub
1247 670 1311 734 hac
1334 673 1452 754 regina
1476 683 1584 734 antem

460 772 597 856 ejusque
620 792 682 855 ope
705 769 868 832 haeresim
893 770 927 831 in
945 767 1069 850 Anglia
1091 767 1189 853 plane
1214 767 1405 847 invaluisse,
1432 771 1585 835 omnibus

460 877 574 933 notum
600 878 656 934 est.
697 866 966 945 Abdicationem,
991 887 1056 949 qua
1075 864 1212 930 Carolus
1229 867 1259 926 V
1283 889 1313 930 a.
1331 867 1417 931 1558
1442 869 1585 954 Imperio

460 967 674 1046 renuntiavit,
686 975 719 1028 et
731 966 975 1028 successionem
989 964 1195 1028 Ferdinandi
1204 965 1221 1026 I
1231 965 1388 1028 Pontifex
1404 988 1585 1050 agnoscere

461 1063 582 1143 noluit,
625 1085 662 1127 eo
694 1062 782 1148 quod
811 1062 889 1146 jura
921 1062 959 1125 R.
992 1061 1162 1125 Pontificis
1194 1063 1228 1125 in
1260 1063 1321 1124 isto
1354 1067 1492 1146 negotio
1525 1089 1583 1130 non

461 1161 635 1225 observata
659 1183 729 1224 esse
753 1170 918 1239 censeret3
944 1159 1021 1223 inde
1046 1181 1123 1223 vero
1148 1162 1270 1241 evenit,
1295 1170 1331 1223 ut
1352 1161 1584 1229 Ferdinandus

461 1262 495 1324 in
527 1263 746 1323 Protestantes
776 1256 976 1321 Germaniae
1011 1279 1132 1340 magna
1165 1257 1390 1322 moderatione
1429 1271 1583 1328 uteretur.

460 1358 572 1421 Etiam
598 1355 683 1421 bella
709 1366 740 1419 et
764 1355 880 1419 turbae
906 1356 1158 1419 contribuerunt
1180 1356 1223 1420 ad
1248 1355 1480 1423 dilatationem
1510 1384 1583 1425 erro-

461 1478 552 1535 rum,
577 1458 663 1519 inter
687 1454 806 1518 milites
823 1456 910 1517 enim
929 1454 1162 1537 stipendiarios
1178 1452 1411 1528 Germanoset
1427 1457 1583 1522 Helvetos

462 1553 719 1638 quamplurimi
745 1563 839 1616 erant
865 1553 1117 1615 l'rotestantium
1142 1551 1268 1615 haeresi
1298 1552 1436 1635 addicti,
1471 1560 1582 1642 quiin

463 1651 572 1716 Gallia
596 1662 629 1714 ot
651 1651 765 1734 Belgio
790 1652 963 1735 opiniones
986 1649 1170 1713 haereticas
1194 1651 1431 1734 propagabant.

553 1751 606 1814 82.
636 1748 869 1812 Oliaracterem
886 1748 982 1811 Pauli
999 1747 1046 1810 IV
1061 1750 1232 1827 concinne,
1257 1749 1315 1812 sed
1329 1748 1413 1813 forte
1427 1757 1580 1819 severius.

464 1847 691 1911 Pallavicinus
715 1846 806 1910 bisce
832 1846 1007 1910 describit:
1034 1847 1213 1930 „Princeps
1236 1849 1351 1931 utique
1376 1849 1441 1912 fuit
1466 1853 1581 1915 virtute

461 1946 631 2029 religionis
655 1947 809 2023 eximius,
840 1945 994 2008 addictus
1018 1945 1059 2007 ad
1085 1966 1158 2007 eam
1183 1945 1401 2027 profitendam
1426 1949 1462 2010 in
1489 1953 1582 2013 sacris

463 2044 613 2108 claustris
645 2043 748 2107 vela
779 2065 891 2127 puero,
928 2064 1029 2127 quare
1063 2044 1310 2127 decimoquinto
1347 2048 1467 2109 aetatis
1502 2069 1580 2111 anno
1637 2039 1638 2058 ¹

461 2141 659 2205 coenobium
675 2142 944 2205 Praedicatorum
971 2144 1137 2224 ingressus
1161 2152 1219 2220 est,
1245 2162 1319 2203 eam
1343 2143 1579 2208 institutionem

460 2240 684 2324 amplexuros,
716 2239 773 2303 sed
799 2262 818 2302 a
842 2240 1100 2323 consanguineis
1133 2237 1211 2301 inde
1235 2240 1387 2322 pervim
1411 2241 1579 2306 abductus.

462 2336 585 2400 Verum
618 2359 683 2401 non
714 2348 932 2401 evanescente
962 2349 1136 2421 propterea
1169 2359 1209 2398 ex
1234 2336 1305 2420 ejus
1329 2339 1444 2402 animo
1479 2341 1580 2425 hujus·

460 2434 551 2497 modi
583 2445 670 2516 voto,
705 2438 799 2520 quasi
832 2435 949 2520 puerili
980 2435 1123 2525 quodam
1154 2437 1280 2519 impetu
1305 2436 1460 2500 condidit
1482 2449 1579 2501 aetate
1634 2452 1635 2518 ζ

462 2531 1577 2621 maturaRegulariumOrdinem,perutilisinEcclesiaexempli3coi
1633 2543 1635 2585 l

461 2630 1578 2717 OrdininonabipsiusPaulinominequodinilloretinebatnomen
1634 2665 1635 2696 ς

461 2739 511 2792 est
521 2729 673 2809 inditum,
687 2731 743 2793 sed
755 2730 797 2793 ab
806 2729 1206 2793 administrataTheatina
1219 2728 1369 2807 ecclesia,
1385 2753 1487 2814 quam
1496 2732 1577 2795 illum

462 2826 654 2912 complexus
670 2828 867 2891 dimittebat.
892 2829 992 2891 Tiora
1009 2826 1187 2912 episcopali
1200 2827 1324 2910 abipso
1337 2827 1499 2912 deposita,
1513 2852 1576 2913 pur-

461 2949 545 3011 pura
555 2947 621 2989 non
632 2928 781 3011 quaesita
792 2927 902 3010 ipsum
912 2927 1086 3010 quaesivit.
1120 2923 1239 3004 Quoad
1252 2924 1403 2988 illevixit
1417 2948 1574 3012 nunquam

462 3025 554 3087 visus
567 3033 616 3087 est
625 3036 683 3087 aut
693 3025 796 3088 animi
808 3023 985 3087 candorem
997 3023 1139 3103 foedare,
1153 3024 1258 3085 autin
1273 3023 1396 3106 pietate
1409 3034 1573 3109 tepescere,

461 3122 699 3207 autapostolici
709 3123 809 3185 studii
819 3120 1004 3184 libertatem
1015 3121 1180 3184 fluxarum
1191 3106 1573 3208 rerum'rationibuspost-

462 3218 593 3285 habere.
641 3219 808 3283 Excelluit
829 3220 1025 3297 eruditione,
1051 3240 1151 3303 quum
1175 3239 1310 3302 graecas
1334 3216 1462 3282 litteras
1485 3237 1570 3302 aeque

461 3316 529 3380 fere
553 3339 592 3380 ac
616 3317 736 3380 latinas
768 3317 910 3396 calleret,
944 3329 1093 3401 essetque
1124 3316 1313 3379 divinarum
1340 3314 1565 3403 Scripturarun

463 3436 621 3499 perquam
646 3417 781 3499 peritus,
821 3415 1015 3499 theologicis
1039 3415 1197 3478 doctrinis
1221 3413 1380 3493 imbutus,
1421 3437 1461 3478 ac
1490 3434 1568 3498 supra
1634 3441 1635 3449 ¹

462 3512 597 3576 modum
614 3524 763 3576 versatus
787 3512 949 3592 inlibris,
975 3535 1056 3597 quos
1079 3511 1265 3596 theologiae
1290 3513 1458 3596 princeps,
1484 3514 1568 3596 ipsius

462 3612 556 3691 civis,
582 3612 831 3696 conscripserat.
879 3611 998 3674 Miram
1022 3634 1041 3673 a
1065 3621 1183 3673 natura
1207 3609 1433 3693 eloquentiam
1448 3611 1567 3693 accepit,

462 3708 520 3770 sed
553 3730 628 3771 cum
660 3711 850 3794 appetentia
881 3711 994 3791 nimia,
1027 3718 1063 3771 ut
1087 3730 1160 3771 eam
1185 3729 1300 3771 omnes
1324 3707 1566 3778 admirarentur3

463 3827 548 3891 quae
572 3806 736 3890 frequenti
760 3806 882 3892 pabulo
899 3809 932 3870 in
947 3807 1114 3892 praecelsa
1138 3807 1270 3869 fortuna
1295 3827 1427 3891 semper
1450 3808 1565 3875 irritata,

462 3926 635 3989 nunquam
659 3907 851 3984 insaturata,
877 3906 1046 3988 ingentem
1071 3904 1296 3968 adulationem
1320 3907 1480 3968 excitavit
1492 3922 1564 3987 prac-

463 4004 560 4082 senti,
586 4001 641 4064 sed
667 4024 734 4065 non
758 4004 918 4064 minorem
943 4004 1129 4065 irrisionem
1154 4002 1296 4066 absenti.
1344 4001 1468 4065 Laxior
1487 3996 1563 4061 aesti-

465 4112 570 4161 mator
594 4121 681 4179 suae,
707 4101 877 4183 angustior
900 4099 1029 4162 alienae
1054 4111 1123 4162 tum
1149 4101 1326 4184 potentiae,
1351 4110 1421 4162 tum
1445 4095 1562 4183 pruden-

463 4198 541 4278 tiae,
558 4196 616 4259 sed
630 4196 846 4261 nihilominus
863 4219 971 4261 navus
984 4199 1117 4262 virtutis
1134 4199 1284 4281 cognitor
1297 4219 1338 4260 ac
1349 4202 1558 4262 remunerator.
