2964 4912
356 475 409 530 332
611 472 683 533 XLI,
720 472 761 525 De
779 471 969 526 Declaratione
988 471 1059 525 Cleri
1079 469 1222 525 Gallicani.

357 640 464 702 neque
497 617 601 681 ullum
625 615 795 680 Serbonae
829 615 1045 699 professorem
1069 624 1237 698 repertum
1270 614 1382 694 fuisse,
1413 614 1458 698 qui

356 715 489 780 eosdem
513 725 589 778 ante
613 736 739 778 annum
765 713 850 778 1663
875 713 993 778 docere
1017 713 1195 794 auderet.¹)

447 814 499 877 22.
538 810 679 876 Senatus
710 822 821 875 autem
858 811 1113 875 declarationem
1149 812 1233 874 actis
1271 811 1458 892 consignavit

355 919 389 973 et
411 933 470 974 rex
494 912 589 994 gravi
614 909 729 973 addita
753 931 860 995 poena
884 932 956 973 eam
981 909 1089 973 edicto
1110 910 1230 973 sanxit.
1271 907 1379 994 Atque
1398 906 1459 969 inde

355 1008 491 1071 demum
526 1010 636 1071 verius
670 1029 770 1092 quam
802 1007 1017 1072 eFecultate
1048 1005 1280 1070 declarationis
1318 1006 1402 1086 origo
1431 1027 1461 1066 ac

355 1108 407 1170 vis
437 1105 617 1191 repetenda
649 1115 709 1168 est.
761 1104 857 1190 Regii
894 1105 1038 1170 Ministri
1083 1113 1253 1189 praeterea
1291 1105 1378 1166 omni
1410 1124 1459 1185 qua

355 1212 535 1287 potuerunt
569 1203 695 1267 ratione
738 1202 894 1266 studuere
929 1201 1079 1266 doctores
1113 1202 1238 1266 Romae
1278 1199 1421 1263 faventes
1448 1220 1459 1260 e

354 1300 529 1364 Facultate
564 1300 753 1384 eliminare,
791 1322 831 1363 ac
865 1308 1040 1385 propterea
1069 1301 1280 1384 antiquatum
1312 1297 1458 1361 decretum

354 1401 572 1481 suscitarunt,
604 1423 642 1462 ne
660 1398 773 1484 plures
805 1421 898 1483 quom
922 1397 984 1462 duo
1008 1398 1152 1461 monachi
1183 1396 1322 1484 ejusdem
1350 1394 1460 1458 Ordinis

346 1501 405 1586 jue
429 1495 576 1583 suffrapii
598 1500 633 1561 ia
650 1496 832 1560 Facultates
857 1497 1048 1560 Purieicoet‘e
1073 1496 1208 1558 comitiis
1230 1494 1389 1571 habereut,
1411 1515 1458 1555 cut·

355 1596 415 1656 teri
438 1593 580 1657 doctores
603 1596 639 1658 t'o
658 1595 843 1680 provinciae
866 1595 1072 1658 mitterentur.
1119 1593 1170 1657 Ita
1194 1614 1260 1656 uno
1293 1593 1387 1677 quasi
1410 1593 1458 1652 ictu

358 1690 421 1754 170
445 1691 594 1755 doctores
617 1692 788 1755 Romanae
812 1690 908 1755 Sedis
941 1692 1079 1755 devotos
1112 1691 1270 1776 suffragio
1295 1691 1455 1775 privarunt

355 1785 574 1874 Subsequenti
608 1790 708 1852 etiam
732 1799 879 1874 tempore
908 1789 1080 1852 Triumoirt'
1102 1789 1189 1871 regis
1212 1789 1357 1851 ministri
1389 1808 1456 1849 occa·

354 1887 463 1950 siones
487 1889 664 1972 arripuere,
689 1895 726 1951 ut
743 1886 775 1952 S.
798 1885 877 1950 Sedi
901 1888 1034 1970 negotia
1056 1887 1257 1950 facesserent
1278 1895 1311 1948 et
1327 1883 1456 1968 gubernii

354 1985 583 2048 auctoritatem
608 1984 867 2069 amplificarent3
904 1986 983 2048 satis
1007 1983 1205 2069 tranquillus
1238 1993 1352 2046 tamen
1379 1990 1456 2044 status

352 2103 463 2145 rerum
487 2085 645 2146 remansit
676 2084 781 2147 donec
806 2092 876 2146 orta
900 2093 949 2147 est
972 2082 1267 2146 vehementissima
1292 2080 1333 2143 de
1356 2077 1456 2162 regalia

353 2180 454 2245 lucta.

183 2298 344 2346 Dekeraliae
444 2289 496 2352 23.
535 2288 592 2351 De
615 2286 806 2371 Regaliae
829 2286 909 2352 lite.
943 2325 984 2333 —
1016 2286 1159 2350 Nomine
1189 2285 1333 2371 repoliac
1365 2280 1454 2347 intelli·

237 2361 285 2400 lite.

352 2387 442 2469 gitur
477 2384 601 2470 duplex
641 2385 698 2470 jus
733 2384 821 2470 quod
857 2407 950 2470 reges
985 2383 1115 2468 Galliac
1151 2384 1214 2449 sibi
1249 2381 1451 2448 vindicabant

353 2483 486 2569 quando
519 2483 613 2547 sedes
646 2482 850 2568 episcopales
883 2482 1058 2548 vacabant.
1106 2481 1273 2546 Videlicet
1297 2489 1335 2543 ut
1369 2482 1403 2543 1⁰
1420 2497 1448 2534 vl·

354 2589 450 2644 cante
474 2581 552 2645 sede
576 2581 739 2645 beneficia
761 2582 916 2644 vacantia
939 2580 1038 2665 plena
1061 2582 1258 2644 auctoritate
1282 2579 1444 2643 conferrent
1472 2575 1473 2606 ³

353 2680 502 2764 exceptis
533 2688 644 2743 tamen
678 2680 719 2742 iis
742 2678 915 2742 beneficiis
948 2677 1070 2764 quibus
1103 2700 1183 2742 cura
1206 2678 1396 2740 animarum
1419 2692 1447 2734 an·

353 2798 441 2840 nexa
465 2785 543 2839 erat.
591 2777 631 2840 2⁰
654 2777 699 2840 Ut
722 2785 903 2861 proventus
931 2777 1032 2839 etiam
1057 2778 1310 2861 episcopatuum
1337 2773 1378 2838 ab
1400 2771 1451 2855 ipsit

352 2875 588 2959 reciperentur,
615 2874 720 2939 donec
744 2896 852 2938 novus
874 2875 1050 2959 episcopus
1065 2876 1134 2959 regi
1154 2875 1385 2959 juramentum
1401 2867 1451 2932 fide·

353 2971 455 3034 litatis
493 2973 710 3056 praestitisset
745 2982 777 3035 et
815 2972 894 3036 fisco
930 2982 1054 3036 certam
1090 2982 1203 3037 texam
1239 2969 1399 3035 solvisset.
1426 3000 1452 3010 -

352 3068 516 3132 Auctores
547 3091 613 3133 non
639 3072 860 3153 conveniunt,
898 3070 987 3134 unde
1016 3071 1179 3156 ejusmodi
1210 3091 1329 3154 regum
1354 3066 1452 3132 Galliac

348 3168 404 3253 jus
429 3170 639 3253 provenerit:
664 3167 721 3232 alii
746 3190 788 3231 ex
807 3169 883 3253 jure
908 3170 1140 3254 suprematiae,
1165 3167 1222 3231 alii
1247 3190 1290 3231 ex
1310 3168 1385 3252 jure
1405 3181 1452 3247 prr

352 3273 531 3329 tectoratus
563 3265 617 3330 vel
640 3275 850 3352 patronatus,
887 3265 943 3329 alii
968 3288 1010 3328 ex
1036 3267 1112 3352 jure
1136 3265 1260 3329 feudali
1290 3264 1372 3329 illud
1394 3259 1450 3324 deri·

352 3372 450 3444 vant3
486 3362 659 3448 probanda
691 3364 825 3428 videtur
863 3365 1026 3428 sententia
1057 3365 1149 3427 Petri
1182 3363 1224 3426 de
1255 3362 1385 3441 Marce,
1414 3355 1448 3441 qul

353 3471 466 3526 censet
489 3461 570 3525 illud
594 3462 651 3548 jus
675 3486 717 3527 ex
741 3464 887 3549 antiquis
911 3464 1117 3526 investituris
1145 3461 1378 3547 provenisse.²)
1418 3457 1450 3517 111·
1470 3501 1471 3542 t

352 3569 478 3623 certum
504 3569 560 3622 'est
583 3570 712 3647 tempus
737 3561 874 3644 originis
899 3559 998 3645 hujus
1017 3561 1119 3646 juris3
1156 3559 1214 3623 sed
1239 3581 1355 3622 versus
1377 3557 1450 3620 finem

428 3754 448 3811 ¹l
467 3754 584 3808 Achilles
603 3755 635 3809 de
653 3755 758 3822 Harlay
778 3759 936 3822 procurator
954 3753 1091 3823 generalis
1109 3753 1183 3821 regis
1206 3753 1234 3806 in
1254 3751 1397 3808 memoriali
1412 3745 1449 3801 Col·

352 3835 429 3888 berto
454 3835 518 3888 dato
544 3835 571 3888 id
596 3835 697 3889 diserte
723 3835 844 3888 affirmat
869 3834 910 3888 his
936 3835 1039 3889 verbis:
1066 3833 1134 3900 „Les
1159 3833 1341 3900 professeure‚
1366 3827 1449 3894 excepti

353 3914 389 3968 Μ.
408 3915 434 3967 le
446 3914 552 3980 Syndic
570 3930 587 3980 y
607 3920 655 3967 ont
673 3929 727 3967 une
745 3915 768 3968 si
787 3915 891 3982 grande
910 3913 1070 3982 opposition‚
1090 3928 1142 3979 que
1160 3927 1230 3967 ceux
1248 3915 1333 3968 meme
1350 3911 1392 3978 qui
1407 3911 1448 3960 soll

351 3997 435 4060 paves
459 4010 509 4062 par
532 3995 558 4047 le
577 3994 627 4047 Roi
653 3992 728 4047 n’ont
756 4009 803 4060 pas
822 3995 905 4048 vonlu
924 3993 1068 4062 enseigner
1093 4009 1197 4047 aucune
1226 3994 1273 4047 des
1297 3989 1447 4061 proposition

351 4073 398 4140 qui
418 4080 466 4127 ont
483 4077 526 4128 ete
545 4076 700 4140 presentees
719 4076 736 4126 t
755 4075 790 4128 Sa
809 4074 923 4142 llaJeste
941 4089 975 4128 en
995 4072 1090 4127 1663.“
1128 4072 1190 4128 Vid.
1212 4073 1321 4128 Colleot.
1336 4073 1392 4126 Lac.
1409 4061 1446 4122 tl

351 4169 377 4220 p.
396 4153 457 4210 843.
477 4155 586 4206 Docum.
606 4153 681 4210 XXI.
702 4156 728 4210 5.

427 4233 448 4299 ²)
467 4233 507 4285 De
526 4232 653 4290 Ooncord.
672 4233 703 4289 L.
722 4234 745 4291 Ι,
765 4249 786 4289 c.
809 4237 848 4289 17.
871 4250 897 4288 n.
916 4235 941 4290 4.
