2964 4912
304 467 358 522 354
561 465 634 524 XLI.
670 466 710 521 De
729 466 918 521 Declaratione
936 465 1008 520 Cleri
1028 465 1169 521 Gallicani.

304 610 417 674 tentiis
441 609 474 675 S.
499 607 596 674 Sedis
628 600 731 674 mirlto
763 612 869 693 magis
903 610 1032 674 infestis
1064 609 1178 695 quales
1209 617 1413 694 proposuerat

303 708 526 772 Tornacensis
555 708 699 772 Comitia
732 716 904 792 averteret,
934 707 998 772 sibi
1028 709 1120 771 visus
1153 716 1203 771 est
1235 712 1324 788 (saue
1356 728 1413 770 uon

305 806 435 887 merito)
467 805 593 869 bonum
624 827 706 890 opus
736 805 854 872 fecisse
882 816 915 870 et
937 805 1023 869 bene
1047 805 1087 868 de
1112 805 1264 869 Ecclesia
1287 807 1413 868 meritus

304 926 385 970 esse.
440 905 616 988 Postquam
647 903 869 968 Tornacensis
902 903 956 967 die
991 904 1049 966 17⁰
1085 903 1196 967 Martii
1230 902 1413 967 relationem

305 1001 449 1066 dedisset
473 1001 513 1066 de
537 1003 578 1065 iis
602 1023 686 1086 quae
710 1003 745 1064 in
769 1000 832 1065 hoo
856 1002 987 1085 negotio
1018 1010 1151 1085 peracta
1175 1011 1279 1079 erant,
1304 999 1414 1064 Decla-

304 1101 387 1163 ratio
411 1099 466 1164 die
492 1100 550 1164 19⁰
574 1099 685 1164 Martii
719 1101 790 1162 sine
819 1098 972 1164 ulteriore
996 1099 1202 1163 discussione
1226 1122 1246 1162 a
1270 1098 1412 1162 Comitiis
1479 1137 1480 1182 3

304 1196 487 1286 approbata
518 1206 566 1260 est
596 1205 628 1262 et
652 1196 894 1282 subscriptione
918 1198 962 1260 34
985 1196 1174 1282 praesulum
1199 1207 1232 1260 et
1254 1197 1296 1260 37
1322 1217 1415 1260 sacer·
1479 1251 1480 1286 3

304 1295 418 1359 dotum
442 1296 580 1358 munita.
606 1294 736 1380 Operae
751 1297 894 1380 pretium
912 1305 961 1359 est
976 1297 1139 1379 integram
1155 1294 1416 1358 Declarationem

303 1392 359 1457 hic
383 1395 606 1482 consignares

358 1561 473 1626 Cleri
499 1561 721 1626 Gallicani
745 1562 793 1626 de
817 1562 1126 1628 ecclesiastica
1150 1571 1366 1647 potestate
1479 1555 1480 1620 i

731 1660 995 1725 Declaratio.

396 1784 587 1866 „Ecclesiae
612 1783 805 1850 Gallicanae
826 1786 959 1850 decreta
975 1795 1007 1848 et
1022 1784 1192 1848 libertates
1206 1807 1227 1847 a
1243 1781 1420 1868 majoribus

210 1930 242 1957 n,
303 1884 422 1946 nostris
458 1892 548 1946 tauto
582 1883 691 1947 studio
721 1892 965 1969 propugnatas,
998 1904 1178 1967 earumque
1207 1880 1421 1945 fundamenta

303 1982 405 2045 sacris
429 1980 613 2044 canonibus
637 1990 670 2044 et
693 1984 826 2044 Patrum
853 1981 1031 2045 traditione
1055 1981 1146 2060 nixa,
1176 1979 1271 2043 multi
1297 1977 1421 2041 diruere

303 2077 499 2158 moliuntur,
523 2100 585 2142 nec
602 2078 722 2142 desunt
738 2081 794 2163 qui
811 2101 924 2142 earum
941 2079 1079 2142 obtentu
1094 2079 1274 2162 primatum
1289 2077 1328 2142 B.
1340 2075 1421 2139 Petri

302 2178 438 2262 ejusque
462 2197 689 2240 successorum
714 2176 938 2241 Romanorum
958 2176 1158 2239 Pontificum
1179 2198 1198 2238 a
1222 2173 1358 2237 Christo
1382 2174 1422 2235 in-

302 2276 467 2353 stitutum,
493 2274 599 2358 iisque
624 2273 772 2337 debitam
796 2274 838 2338 ab
865 2273 1020 2338 omnibus
1045 2273 1246 2337 Christianis
1272 2271 1421 2336 obedien·

304 2375 404 2450 tiam,
440 2370 601 2456 Sedisque
624 2370 854 2457 Apostolicae,
894 2374 927 2436 in
953 2393 1018 2457 qua
1042 2371 1124 2435 fides
1149 2369 1365 2455 praedicatur
1398 2379 1424 2429 et

303 2471 412 2534 unitas
435 2477 586 2532 servatur
614 2468 804 2552 Ecclesiae,
839 2470 1058 2533 reverendam
1082 2469 1236 2532 omnibus
1271 2466 1423 2553 gentibus

303 2567 508 2652 majestatem
541 2567 737 2630 imminuere
776 2589 841 2631 non
875 2577 1067 2631 vereantur:
1101 2566 1260 2630 haeretici
1295 2587 1423 2651 quoque
1478 2597 1479 2602 1

301 2663 386 2728 nihil
409 2665 684 2749 praetermittunt,
723 2687 787 2750 quo
813 2687 886 2729 eam
910 2674 1106 2750 potestatem
1131 2686 1197 2749 qua
1221 2685 1291 2748 pax
1315 2662 1423 2727 Eccle·

302 2763 371 2825 siae
395 2763 591 2842 continetur,
624 2763 825 2826 invidiosam
857 2775 890 2826 et
919 2784 1056 2845 gravem
1080 2763 1216 2846 regibus
1240 2772 1274 2825 et
1298 2760 1423 2847 populis

303 2868 478 2942 ostentent,
513 2860 619 2944 iisque
643 2860 818 2924 fraudibus
842 2859 1010 2945 simplices
1034 2863 1163 2925 animas
1186 2859 1229 2925 ab
1254 2860 1422 2924 Ecclesiae

303 2958 427 3038 matris,
462 2956 652 3046 Christique
676 2958 758 3022 adeo
783 2961 1016 3024 communione
1048 2959 1237 3025 dissocient.
1262 2996 1308 3004 —
1335 2957 1421 3038 Qraae

303 3063 341 3118 ut
364 3055 575 3118 incommoda
598 3055 839 3141 propulsemus,
871 3079 930 3120 nos
954 3056 1196 3141 archiepiscopi
1222 3065 1255 3118 et
1279 3055 1421 3141 episcopi
1477 3045 1478 3094 l

301 3153 438 3217 Parisiis
463 3153 619 3218 mandato
648 3157 738 3237 regio
770 3157 971 3237 congregati,
1004 3152 1189 3218 Ecclesiam
1214 3151 1421 3217 Gallicanam

301 3259 595 3336 repraesentantes,
621 3273 689 3314 una
713 3274 788 3315 cum
814 3253 952 3315 caeteris
969 3252 1201 3316 ecclesiasticis
1217 3252 1303 3314 viris
1321 3251 1422 3315 nobis-

301 3371 378 3412 cum
409 3348 594 3433 deputatis,
629 3349 781 3433 diligenti
814 3357 957 3413 tractatu
987 3349 1101 3414 habito
1134 3349 1218 3414 haec
1242 3346 1421 3413 sancienda

301 3457 334 3509 et
358 3445 560 3510 declaranda
584 3468 653 3510 esse
678 3446 849 3511 duximus:
1476 3511 1477 3514 ,

391 3545 416 3610 I.
463 3544 612 3608 Primum
640 3545 678 3610 Β.
703 3546 811 3628 Petro,
849 3547 985 3632 ejusque
1018 3544 1268 3610 successoribus
1301 3541 1418 3606 Christi
1476 3549 1477 3562 ¹

302 3642 445 3706 Vieariis
469 3644 599 3728 ipsique
622 3642 793 3708 Ecclesiae
815 3666 926 3708 rerum
951 3645 1172 3729 spiritualium
1197 3650 1230 3705 et
1254 3641 1298 3705 ad
1324 3651 1417 3704 aeter·

300 3762 379 3803 nam
404 3738 543 3804 salutem
567 3743 815 3826 pertinentium,
842 3764 908 3807 non
932 3753 1044 3806 autem
1068 3742 1220 3807 civilium
1245 3750 1279 3803 et
1301 3749 1416 3822 tempo·

301 3836 420 3901 ralium
435 3861 455 3901 a
470 3839 543 3902 Deo
560 3840 715 3903 traditam
732 3849 937 3925 potestatem,
956 3841 1086 3906 dicente
1100 3840 1264 3905 Domino:
1282 3839 1415 3922 Regnum

299 3958 399 3999 mecm
421 3958 485 3999 aoa
506 3947 554 4004 ¹est
577 3937 615 3999 de
638 3938 693 4001 boo
715 3939 842 4020 mundo,
867 3947 899 4002 et
922 3940 1058 4002 iterum:
1086 3938 1223 4003 Reddite
1248 3959 1319 4022 erpo
1342 3955 1414 4020 quoe

299 4043 374 4096 scat
401 4031 548 4099 Caesaris
575 4032 717 4113 Caesari,
751 4047 781 4099 et
812 4060 891 4122 qaae
915 4047 989 4100 aaut
1011 4037 1075 4100 Dei
1097 4038 1186 4116 Deo,·
1218 4059 1259 4100 ac
1281 4030 1413 4120 proinde

298 4139 387 4193 stare
411 4131 628 4215 apostolicum
652 4131 749 4196 illud:
780 4133 888 4198 Omnia
911 4135 1019 4198 ocima
1033 4134 1247 4220 potestatibus
1262 4130 1410 4198 sublimio·
1475 4139 1476 4144 ’

299 4228 387 4292 ribus
410 4228 538 4292 subdito
562 4231 612 4308 ait,
644 4252 706 4294 aoa
738 4242 784 4295 est
811 4232 1064 4317 enimpotestas,
1088 4234 1154 4296 cisi
1178 4257 1198 4297 α
1223 4234 1309 4310 Deo;
1337 4249 1408 4314 qaae
