3034 4894
312 525 347 578 20
438 523 580 578 XXXVII.
602 524 641 578 De
660 523 748 578 initiis
767 539 799 576 sc
817 523 849 577 de
867 539 979 592 propag.
998 523 1309 591 pseudoreformationis.

312 690 413 732 unam
438 667 667 732 tantummodo
693 667 870 732 Basilicam
895 690 920 731 s.
937 666 1070 751 Petri.¹)
1101 665 1329 752 Indulgentias
1354 667 1441 752 quid

313 787 371 850 pro
396 765 572 830 animabus
595 766 777 850 purgatorii
801 763 922 845 valere,
947 765 1081 827 omnino
1106 775 1215 849 negat.

269 937 281 964 ο
403 863 454 929 19.
502 851 808 927 Thesibus'tamen
838 863 1023 948 praefixum
1048 873 1130 944 erat,
1162 885 1218 927 eas
1242 863 1440 948 disputandi

284 955 419 1044 ¹gratia
452 963 608 1046 proponi:
653 961 795 1042 „Amore
827 969 859 1024 et
889 960 999 1026 studio
1033 959 1252 1024 elucidandae
1287 963 1442 1025 veritatis

311 1059 394 1123 haec
441 1058 628 1144 subscripta
674 1059 821 1123 themata
857 1057 1116 1143 disputabuntur
1156 1059 1439 1143 Wittembergae:

310 1157 519 1243 praesidente
535 1157 573 1224 R.
592 1156 628 1221 P.
655 1157 798 1221 Martino
814 1155 962 1220 Luthero
979 1155 1171 1220 Eremitano
1189 1157 1440 1241 Augustiniano

312 1257 443 1319 Artium
476 1265 509 1319 et
539 1278 563 1320 s.
589 1255 703 1319 Theoi.
727 1255 897 1340 Magistro,
930 1253 1078 1340 ejusdem
1112 1252 1236 1318 ibidem
1268 1254 1440 1319 ordinario

311 1355 460 1420 Lectore.
487 1353 598 1434 Quare
615 1355 707 1437 petit,
733 1354 849 1437 utqui
874 1373 941 1415 non
965 1361 1103 1437 possunt
1118 1352 1230 1416 verbis
1246 1363 1440 1438 praesentes

309 1451 486 1516 nobiscum
510 1451 706 1536 disceptare,
731 1447 832 1534 ag'ant
855 1448 889 1514 id
914 1449 1032 1514 litteris
1049 1449 1212 1513 absentes.
1245 1451 1285 1514 In
1300 1452 1442 1514 nomine

310 1551 448 1614 Domini
473 1549 675 1614 nostriJcsu
693 1547 826 1630 Christi,
851 1549 970 1612 Amen.
1010 1549 1051 1612 A.
1068 1547 1111 1612 M.
1130 1549 1172 1612 D.
1191 1548 1323 1613 XVII.“
1370 1549 1441 1612 Ad-

310 1671 398 1712 nexa
423 1648 522 1711 etiem
547 1656 617 1711 erat
640 1649 833 1731 protestatio
858 1646 982 1710 deiide
1006 1668 1065 1709 sua
1082 1644 1278 1728 orthodoxa,
1303 1650 1442 1732 nequis

311 1745 534 1810 offenderetur
555 1743 700 1809 thesium
725 1754 828 1808 textu.
874 1744 915 1808 In
940 1766 978 1807 ea
1003 1743 1099 1807 dicit:
1138 1744 1215 1807 Non
1250 1746 1332 1808 enim
1357 1745 1441 1809 adeo

311 1844 497 1908 temerarios
520 1865 597 1924 anm,
629 1853 664 1906 nt
687 1865 787 1905 meam
810 1839 909 1905 soline
933 1842 1114 1927 opinionem
1137 1843 1270 1906 coeteris
1294 1843 1443 1906 omnibns

286 1923 477 2028 ‘anteferri
507 1962 605 2026 neque
629 1951 692 2004 tom
715 1939 863 2025 stupidas
887 1941 991 2021 etiam,
1023 1949 1058 2001 nt
1079 1939 1206 2002 verbnm
1229 1940 1293 2003 Dei
1316 1939 1443 2017 fabalis

310 2043 449 2104 hnmano
473 2039 597 2102 ratione
621 2038 809 2123 eneoyitetis
827 2038 981 2124 postponi
1003 2035 1135 2118 velint)
1158 2035 1301 2100 'Ultimis
1325 2038 1442 2102 verbis

311 2150 447 2221 tangere
471 2137 606 2200 videtur
628 2157 694 2218 eos,
728 2144 842 2200 contra
874 2157 956 2222 qnos
979 2135 1088 2198 theses
1120 2157 1196 2198 suas
1220 2136 1436 2221 proponebat.

301 2236 342 2300 In
367 2236 606 2320 protestatione
632 2256 717 2319 quae
741 2233 857 2298 addita
881 2234 944 2298 luit
960 2233 1099 2296 editioni
1113 2233 1254 2296 thesium
1273 2235 1309 2297 in
1322 2235 1442 2318 lingua
1509 2229 1510 2250 ³

312 2332 503 2413 vernacula,
542 2333 730 2396 continetur
761 2333 859 2395 etiam
895 2332 1059 2395 attestatio
1094 2330 1243 2410 Luthori‚
1281 2355 1315 2395 se
1352 2332 1438 2396 nihil

312 2456 337 2496 s.
355 2430 545 2516 scripturis,
571 2429 742 2494 Ecclesiae
762 2429 927 2512 Patribus,
952 2430 1055 2494 sacris
1079 2430 1263 2494 canonibus
1280 2440 1338 2493 aut
1355 2432 1437 2495 Pon-

312 2529 440 2593 tificum
464 2528 605 2592 decretis
629 2528 807 2592 adversum
831 2549 975 2592 asserere
1000 2526 1102 2607 velle3
1135 2526 1192 2590 sed
1217 2527 1251 2589 in
1276 2537 1372 2591 textu
1394 2527 1438 2590 la·

311 2629 380 2691 tino
405 2627 488 2691 haec
511 2648 578 2690 non
608 2626 839 2691 habebantur..
875 2626 1019 2690 Easdem
1052 2624 1160 2688 theses
1191 2646 1266 2689 cum
1299 2625 1440 2710 epistola

321 2724 488 2789 Lutherus
504 2726 603 2788 etiam
619 2725 801 2788 transmisit
809 2723 945 2787 Alberto
962 2722 1211 2808 archiepiscopo
1229 2723 1436 2806 Mogontino‚

321 2821 362 2888 de
385 2823 545 2887 abusibus
568 2824 602 2885 in
626 2821 875 2907 promulgandis
904 2821 1119 2906 indulgentiis
1152 2843 1366 2906 conquerens.
1395 2859 1438 2868 -

318 2919 529 3006 Opinabatur
551 2921 687 2984 fortasse
712 2941 748 2983 eo
773 2929 920 3005 tempore
937 2917 1103 2984 Lutherus
1120 2920 1275 3005 superbia
1292 2919 1437 2997 inflatus.

314 3019 527 3083 traditionem
553 3018 688 3081 Petrum
719 3029 751 3081 et
782 3019 954 3103 antiquam
985 3016 1186 3103 theologiam
1211 3027 1433 3098 contemnens,

314 3119 446 3202 suisque
486 3117 699 3202 opinionibus
739 3115 931 3198 inhaerens,
972 3115 1156 3180 secundum
1194 3115 1254 3180 has
1294 3115 1437 3179 theorias

313 3214 499 3279 doctrinam
523 3235 733 3278 communem
768 3214 1026 3278 modificandam
1059 3236 1139 3296 esse,
1179 3237 1218 3278 ac
1251 3214 1434 3278 modificari

313 3333 418 3397 posse.
465 3312 614 3376 Plurima
645 3313 793 3376 enimin
818 3312 969 3376 doctrina
994 3313 1163 3377 communi
1186 3311 1360 3376 Ecclesiae
1386 3312 1433 3376 ha-

313 3411 415 3475 hebat
438 3419 475 3474 ut
498 3412 635 3475 inventa
659 3410 815 3474 humana.
849 3408 905 3474 Sic
929 3410 1124 3496 explicatur,
1150 3410 1239 3496 quod
1263 3410 1360 3474 initio
1385 3409 1435 3474 ad·
1506 3443 1507 3450 .

313 3508 380 3572 huc
416 3507 586 3573 videretur
619 3518 756 3573 conatus
780 3508 939 3593 quosdam
971 3509 1089 3587 facere,
1129 3518 1166 3571 nt
1200 3529 1267 3572 non
1303 3510 1435 3572 omnino

314 3605 449 3670 vincula
473 3606 687 3692 subjectionis
711 3606 952 3671 ecclesiasticae
975 3615 1154 3691 rumperet.
1203 3604 1379 3670 Caeterum
1402 3607 1431 3668 in

389 3830 406 3890 ¹)
426 3829 602 3896 Quaestiones
621 3828 692 3881 tales
719 3828 825 3894 quidem
844 3827 885 3881 ori
903 3828 1019 3896 imponit
1044 3825 1229 3881 multitudinis
1249 3832 1278 3880 et
1297 3843 1314 3880 a
1333 3821 1433 3894 praedi·

315 3909 451 3964 catoribus
480 3909 549 3963 solvi
576 3909 644 3974 vult,
675 3908 722 3962 sed
749 3907 894 3962 manifeste
921 3923 1027 3962 sensum
1058 3923 1136 3960 suum
1163 3907 1218 3960 illis
1246 3906 1382 3974 exprimit.
1400 3931 1429 3942 -

315 3989 395 4044 Theai
415 3989 450 4044 38
469 3988 543 4054 dicit,
568 4005 621 4042 non
640 3989 730 4043 deberi
749 3988 885 4042 contemni
903 3987 1090 4055 indulgentias
1109 3987 1207 4055 Papae,
1228 3993 1362 4052 quatenus
1381 3985 1431 4038 sint
1505 4049 1506 4055 ἵ

315 4068 463 4124 declaratio
482 4068 646 4123 remissionis
665 4068 781 4122 divinae.

388 4147 410 4218 ¹)
430 4149 462 4205 V.
482 4154 588 4202 textum
613 4148 730 4202 thesium
754 4164 796 4216 ap.
816 4147 939 4213 Loschcr,
964 4146 1155 4215 Vollstandigc
1173 4146 1431 4200 Reiormetionsecte
1504 4207 1505 4220 χ

315 4230 370 4283 und
389 4229 556 4282 Documenta
579 4229 601 4285 I.
624 4229 685 4293 433,
711 4227 838 4296 (Leipzig
859 4229 1063 4295 1720-1729);
1095 4235 1124 4282 et
1151 4243 1194 4294 ap.
1214 4227 1307 4291 Evers,
1335 4223 1430 4278 Martia

315 4309 428 4374 Luther,
447 4308 477 4366 Τ.
498 4309 532 4365 ΙΙ.
551 4325 576 4376 p.
596 4309 621 4362 V
640 4323 695 4374 sqq.
