3288 4900
427 405 541 459 Consilii
559 405 683 472 periodus
702 406 794 460 tertia.
1121 411 1171 462 175

145 551 216 615 135.
263 549 367 614 Sessio
400 550 678 635 vigesimaquarta,
713 558 886 634 postquam
925 551 1025 614 semel
1063 570 1170 636 proro-
1188 552 1342 664 mm
1559 570 1560 585 .

62 658 130 731 gata
154 649 227 729 fuit,
258 647 402 717 ,tandem
431 647 545 712 habita
572 656 621 710 est
651 647 706 711 die
728 648 785 710 11⁰
806 647 1006 712 Novembris
1026 672 1055 716 a.
1075 650 1170 734 1563,

62 769 156 831 eaque
180 747 316 811 duravit
338 756 472 832 propter
489 767 643 829 magnam
661 746 791 830 copiam
810 744 1021 809 decretorum*
1033 746 1075 810 eb
1091 747 1172 812 hora

62 865 139 907 nona
163 846 326 908 matutina
349 844 520 929 usquead
545 843 659 907 horam
685 845 859 929 septimam
885 847 1118 928 vespertinam.

141 941 260 1022 Quoad
284 941 441 1006 articulos
465 941 506 1005 de
531 942 741 1005 matrimonio
766 940 849 1004 haec
869 941 932 1005 fuit
948 941 1076 1006 Moroni
1101 964 1171 1028 pro-

60 1038 208 1124 mulgatio
242 1049 411 1104 votorum:
452 1039 633 1122 „Doctrina
665 1048 697 1102 et
727 1061 870 1103 canones
901 1039 1171 1105 desacramento

61 1138 252 1201 matrimonii
278 1137 483 1223 comprobati
508 1135 642 1201 suntab
660 1135 831 1217 omnibus,
856 1137 914 1201 sed
930 1137 1067 1223 quidam
1083 1148 1172 1224 opta-

59 1245 135 1317 runt,
167 1246 205 1298 ut
235 1235 362 1322 aliquid
393 1235 571 1299 adderetur
601 1244 659 1298 aut
683 1231 879 1298 demeretur.
927 1235 1105 1299 Decretum
1131 1236 1172 1300 de

59 1333 267 1399 clandestinis
296 1333 423 1420 placuit
453 1333 569 1418 majori
594 1335 687 1423 parti⁸
705 1335 859 1413 Patrum3
894 1331 1064 1416 displicuit
1087 1332 1172 1419 plus·

58 1453 148 1515 quam
187 1433 432 1517 quinquaginta
468 1430 638 1512 Patribus,
683 1433 768 1494 inter
807 1452 888 1516 quos
926 1428 1173 1507 Illustrissimus

60 1528 238 1594 Cardiualis
262 1529 455 1600 simonetta,
481 1527 577 1592 Sedis
598 1528 809 1615 Apostolicae
834 1529 979 1613 Legatus
1003 1529 1170 1605 decretum

59 1649 115 1690 nou
152 1627 326 1713 approbat,
367 1649 402 1691 se
440 1637 552 1691 tamen
585 1629 755 1691 remittens
791 1629 997 1695 sanctissimo
1027 1628 1171 1692 Domino

59 1725 176 1791 Nostro.
225 1727 298 1810 Ego
332 1727 432 1789 etiam
465 1725 560 1790 Sedis
589 1724 800 1811 Apostolicae
823 1725 969 1809 Legatus
1002 1725 1171 1789 decretum

58 1823 206 1906 approbo,
233 1825 260 1886 si
285 1846 305 1886 a
325 1824 531 1887 sanctissimo
545 1824 689 1888 Domino
702 1823 821 1887 Nostro
837 1823 1172 1909 comprobabitur.“¹)

59 1919 171 1985 Hosius
203 1943 242 1985 eo
274 1930 421 2006 tempore
444 1920 646 2005 aegrotabat,
679 1920 863 1985 sed-altera
891 1919 945 1984 die
969 1922 1059 1984 misit
1082 1921 1171 1985 sche-

59 2016 171 2102 dulam,
197 2041 266 2105 qua
288 2019 454 2104 professus
478 2029 535 2099 est,
568 2019 631 2084 sibi
657 2019 826 2083 decretum
851 2040 917 2082 non
941 2017 1080 2104 placere,
1114 2020 1172 2084 sed

59 2137 88 2178 se
114 2139 183 2181 rem
217 2119 384 2181 remittere
407 2117 572 2182 Pontifici.
620 2118 824 2202 Navagerus,
857 2128 993 2201 quartus
1017 2117 1172 2201 Legatus,

59 2212 220 2279 decretum
251 2215 505 2301 approbaverat.
552 2215 638 2279 Illud
669 2216 772 2299 igitur
802 2213 968 2297 singulare
993 2216 1025 2277 in
1051 2214 1172 2279 haere

59 2313 181 2397 accidit,
215 2313 305 2399 quod
340 2335 383 2376 ex
406 2323 548 2398 quatuor
572 2315 707 2396 Legatis
739 2335 825 2376 unus
856 2321 982 2377 tanturn
1016 2314 1172 2396 suffragio

59 2411 283 2495 comprobaret
313 2410 499 2492 decretum3
534 2411 598 2475 duo
624 2411 765 2496 oppositi
794 2420 897 2491 erant,
928 2432 1015 2474 unus
1044 2411 1173 2474 medius

60 2504 165 2573 haesit.
216 2508 428 2593 Quapropter
456 2509 613 2573 Moronus
653 2508 693 2571 de
724 2508 786 2570 hoc
820 2507 951 2570 decreto
987 2529 1053 2571 non
1088 2507 1174 2572 dixit

59 2605 255 2690 simpliciter,
295 2606 377 2670 illud
408 2628 478 2670 esse
510 2605 772 2690 comprobatum,
811 2607 896 2669 sicut
929 2605 970 2669 de
1000 2604 1075 2669 aliis
1106 2606 1173 2670 dici

59 2713 280 2784 consueverat,
305 2726 407 2789 quum
424 2726 444 2766 a
461 2704 576 2789 majori
593 2725 730 2768 numero
746 2702 1007 2788 accipiebantur.
1039 2705 1173 2767 Etenim

58 2800 258 2882 credebatur,
282 2822 349 2865 non
371 2800 471 2864 licere
495 2800 634 2866 stabiliri
659 2804 693 2865 in
710 2803 855 2866 sessione
871 2801 915 2883 id,
941 2804 994 2866 cui
1011 2824 1172 2887 repugna·

59 2893 132 2960 bant
158 2899 271 2983 plures
286 2948 288 2951 ,
306 2922 348 2962 ex
371 2899 516 2983 Legatis,
556 2901 679 2986 quippe
715 2902 771 2986 qui
804 2921 979 2984 personam
1014 2899 1174 2983 gerebant

58 2998 347 3082 auctoritatemque
370 2998 572 3062 exercebant
594 3000 714 3062 summi
734 2997 915 3062 Pontifieis.
964 2997 1175 3083 Quapropter

59 3089 223 3176 Moronus,
254 3093 345 3158 nulla
369 3095 505 3181 dejure
530 3095 751 3160 declaratione
775 3094 904 3177 habita,
937 3116 1025 3158 mere
1048 3096 1173 3160 factum

59 3194 210 3258 narravit.
259 3192 324 3258 Sed
355 3191 531 3256 subsecuta
565 3192 789 3278 comprobatio
821 3192 961 3257 Romani
991 3193 1172 3275 Pontificis,

59 3289 105 3350 cui
130 3311 245 3354 omnes
270 3289 386 3372 Legati
412 3300 443 3352 et
468 3289 654 3375 complures
678 3313 719 3354 ex
744 3289 895 3354 Patribus
919 3290 1174 3355 adversantibus

59 3404 89 3445 se
110 3389 314 3467 remiserant,
340 3386 581 3451 dubitationem
606 3409 737 3452 omnem
762 3387 903 3452 sustulit.
942 3388 997 3450 Ex
1020 3387 1071 3450 his
1095 3410 1173 3452 vero

60 3484 263 3549 manifestum
288 3494 345 3564 est,
371 3494 573 3570 quantopere
597 3486 715 3570 Legati
740 3485 893 3549 Patribus
922 3485 1054 3570 plenam
1078 3485 1174 3549 liber·

59 3585 152 3644 tatem
176 3582 380 3668 reliquerint.

144 3679 218 3746 136.
265 3681 399 3744 Praeter
438 3680 621 3744 doctrinam
659 3690 691 3743 et
728 3680 860 3744 decreta
899 3681 940 3744 de
968 3688 1173 3744 sacramento

61 3778 265 3859 matrimonii,
290 3778 332 3842 de
355 3779 589 3842 reformatione
613 3780 782 3843 constituti
806 3788 883 3843 sunt
899 3780 1019 3862 viginti
1032 3778 1174 3842 Articuli

61 3876 192 3939 maximi
220 3875 386 3960 ponderis,
426 3878 482 3962 qui
509 3875 713 3958 Cardinales,
751 3877 944 3962 Episcopos,
985 3875 1118 3940 Clerum
1143 3885 1175 3939 et

61 3973 185 4052 negotia
209 3973 433 4040 ecclesiastica
462 3974 694 4059 respiciebant.
742 3974 910 4038 Postremo
935 3983 972 4037 ut
995 3983 1174 4059 perpetuae

129 4182 149 4252 ι)
170 4184 299 4242 emaus.
318 4185 349 4240 n.
368 4186 472 4242 xxrn.
493 4186 521 4241 e.
541 4185 590 4241 rx.
609 4203 636 4243 n.
657 4187 681 4240 5.
735 4172 737 4176 ’
