2964 4912
354 465 477 519 Eventus
496 463 681 518 Declarationi
699 463 812 532 praevii.
1094 465 1147 519 335

43 608 126 692 plane
155 609 329 674 assuefacti
354 618 448 672 erant
471 608 519 673 illi
544 609 779 689 dominationi,
811 619 844 670 et
871 610 949 693 quia
980 632 1023 674 ex
1046 631 1147 673 manu

42 707 116 790 regis
139 707 247 771 omnia
270 705 434 770 beneficia
458 716 490 770 et
514 727 628 771 omnes
650 707 775 791 gratiae
799 705 842 770 ad
867 706 954 790 ipsos
979 710 1147 793 pervenie—
1178 711 1303 812 ἒρῑῦθζρθ·

42 803 120 869 bant,
164 805 244 868 Rem
270 814 503 890 acceptarunt,
530 814 583 882 ut,
609 803 890 890 quemadmodum
915 804 1147 889 opinabantur,
1172 782 1300 883 milichie·

41 904 152 986 majora
175 904 262 967 mala
278 904 433 966 vitarent.
470 903 594 987 Ingens
616 903 804 965 reverentia
825 903 1044 987 potentissimi
1061 903 1148 988 prin·

40 1002 111 1084 cipis
142 1010 221 1065 tunc
254 1001 403 1064 omnium
439 1010 566 1064 mentes
591 1008 830 1084 occupaverat3
867 1010 899 1063 et
932 1001 1148 1069 consideratis

39 1100 282 1163 circumstantiis
314 1119 425 1162 rerum
449 1121 549 1184 supra
574 1099 781 1178 memoratis,
814 1097 1058 1162 admittendum
1089 1107 1147 1180 est,

39 1198 125 1260 nimis
158 1197 316 1262 devotum
348 1218 390 1260 ne
424 1196 533 1260 dicam
559 1194 713 1259 servilem
747 1195 967 1279 quorumdam
999 1198 1148 1261 animum

38 1295 66 1355 iu
87 1294 293 1359 Ludovicum
318 1294 431 1359 fuisse.

114 1401 164 1468 25.
204 1403 381 1466 Praeterea
411 1401 558 1486 episcopi
587 1421 778 1484 supremum
804 1399 989 1463 Consilium
1019 1401 1146 1485 regium

38 1498 181 1563 videntur
205 1499 364 1564 habuisse
395 1509 432 1561 ut
455 1497 609 1562 ultimum
633 1496 796 1578 tribunal,
830 1521 849 1561 a
873 1518 938 1583 quo
963 1520 1062 1561 causa
1086 1500 1147 1563 ista

37 1594 211 1662 dirimenda
235 1607 315 1663 erat.
356 1595 480 1661 Contra
504 1596 673 1661 decretum
692 1593 833 1659 Senatus
856 1618 916 1681 per
939 1597 1147 1680 septuaginta

36 1691 94 1755 fere
124 1717 229 1760 annos
269 1695 539 1776 decertaverant3
576 1714 679 1778 quum
712 1713 791 1756 vero
824 1716 844 1757 a
877 1691 1023 1757 Consilio
1056 1695 1146 1779 regio

36 1789 256 1858 decerneretur
291 1791 437 1877 regaliae
469 1812 584 1854 omnes
616 1791 828 1875 episcopatus
868 1812 938 1854 esse
971 1790 1146 1877 subjectos,

36 1909 156 1954 causam
181 1901 218 1955 ut
242 1891 371 1955 linitam
394 1888 655 1954 considerarunt.
704 1886 935 1953 Conveniebat
958 1899 1055 1971 certe,
1081 1892 1146 1954 imo

36 1985 121 2068 plane
148 1989 374 2053 necessarium
399 1996 468 2051 erat
499 2008 572 2050 eam
597 1986 726 2050 deferre
756 1985 800 2050 ad
824 2008 991 2051 summum
1013 1988 1146 2053 Pontifi-

36 2105 97 2147 cem
120 2096 155 2150 ut
177 2086 350 2151 Ecclesiae
375 2085 453 2171 jura
478 2084 570 2148 salva
594 2094 719 2166 essent,
755 2084 813 2148 sed
837 2086 935 2148 sicuti
958 2084 1146 2171 praesulum

35 2185 152 2249 animus
185 2208 254 2249 non
277 2182 461 2249 inclinabat
493 2182 536 2247 ad
560 2183 783 2246 resistentiam
816 2192 930 2247 contra
962 2186 1146 2268 potentissi-

36 2299 114 2343 mum
136 2302 260 2366 regem,
286 2284 332 2345 ita
356 2282 455 2345 etiam
481 2303 597 2345 causas
621 2303 697 2345 suas
713 2279 851 2345 Romam
878 2280 1005 2346 deferre
1029 2305 1146 2368 parum

35 2376 104 2459 ipsis
134 2379 289 2465 placebat
311 2367 362 2443 ¹ob
395 2378 602 2464 praejudicia
635 2399 720 2463 quae
744 2379 784 2442 iis
812 2378 883 2464 jam
917 2377 1144 2447 inhaerebant.

34 2471 150 2542 Nimias
174 2478 254 2542 inde
279 2477 491 2542 difficultates
516 2485 549 2539 et
571 2475 686 2540 turbas
710 2478 788 2540 oriri
809 2499 904 2562 posse
928 2477 1147 2542 autumabant

34 2572 77 2635 vel
112 2575 325 2662 fingebant.¹)
380 2573 544 2654 Quamvis
577 2576 679 2659 igitur
711 2575 797 2638 inter
834 2577 1006 2660 episcopos
1039 2586 1147 2640 essent

34 2671 87 2734 viri
100 2675 235 2758 egregii,
258 2676 306 2737 uti
324 2673 593 2758 archiepiscopus
609 2672 802 2736 Ausciensis
825 2673 924 2754 (dela
939 2673 1040 2737 Motte
1056 2673 1145 2737 Hou-

34 2766 209 2854 dancourt),
228 2793 409 2857 omnesque
421 2771 519 2834 inviti
538 2770 661 2834 ferrent
677 2772 762 2855 regis
777 2768 996 2852 insolentiam,
1014 2773 1144 2835 uuiver-

33 2866 84 2930 sim
95 2879 206 2935 tamen
222 2879 399 2951 tacuerunt
411 2890 547 2954 seseque
562 2868 728 2932 mandatis
738 2870 898 2954 principis
911 2868 1143 2935 submiserunt.

40 3011 175 3022 --,--‚*

96 3109 115 3172 ¹)
135 3109 202 3163 Rem
231 3107 344 3176 exponit
371 3107 585 3175 archiepiscopus
604 3107 763 3162 Rhomensis
791 3107 819 3161 in
844 3107 966 3162 Comitiis
995 3108 1143 3162 minoribus

34 3200 53 3240 a.
73 3189 152 3243 1681:
184 3189 239 3256 „Le
259 3189 356 3256 Clerge
374 3186 474 3242 s'etant
501 3187 591 3255 plaiut
609 3203 643 3242 au
662 3188 703 3241 roi
721 3187 808 3241 Henri
826 3189 866 3242 IV
885 3189 917 3241 de
936 3194 980 3242 cet
997 3189 1078 3253 erret,
1097 3189 1143 3256 qui

31 3266 91 3319 etait
116 3269 204 3323 donne
230 3273 323 3324 contre
348 3268 386 3321 les
410 3273 509 3321 termes
534 3266 621 3335 precis
646 3269 678 3321 de
703 3267 730 3320 la
755 3268 920 3322 declaration
945 3268 978 3322 de
1003 3271 1072 3324 1606
1097 3270 1143 3336 qui

32 3349 113 3400 venait
131 3347 216 3404 d’etre
243 3347 422 3416 enregistree,
451 3362 480 3401 ce
499 3348 587 3416 grand
605 3348 697 3415 prince
720 3351 824 3415 avoque
843 3346 957 3402 l'affaire
976 3351 992 3401 a
1010 3349 1049 3402 lui
1079 3352 1143 3403 eta

30 3437 71 3478 son
83 3427 195 3491 Consul,
216 3431 251 3482 ou
273 3427 413 3481 l’instance
432 3427 478 3494 qui
497 3443 513 3480 a
532 3428 626 3494 depuis
645 3431 689 3482 ete
704 3427 789 3495 juges
808 3427 852 3480 fut
869 3427 921 3482 lice
940 3428 986 3482 des
1002 3444 1031 3483 cs
1045 3435 1142 3496 temps-

31 3501 59 3559 la.
152 3508 206 3562 Les
231 3509 334 3575 prelats
359 3505 435 3560 n'out
458 3522 507 3573 pas
525 3523 561 3575 pu
580 3522 609 3561 se
637 3507 764 3567 desentire
783 3507 815 3560 de
834 3508 1003 3562 reconnaitre
1027 3509 1054 3562 la
1074 3509 1142 3577 juri·

29 3581 121 3641 diction
139 3589 176 3642 du
194 3587 314 3651 Consul,
334 3602 414 3654 parce
433 3586 510 3655 qu’ils
529 3588 634 3642 etaient
652 3589 810 3656 persuades,
829 3603 929 3643 comme
947 3605 1014 3643 nous
1032 3590 1057 3644 le
1075 3606 1143 3644 som-

30 3675 78 3716 nes
96 3682 160 3721 avec
178 3671 240 3721 tout
258 3667 283 3721 le
302 3674 374 3722 reste
393 3668 429 3720 du
441 3682 577 3734 royaume‚
597 3667 660 3735 qu'il
678 3666 722 3736 n'y
735 3683 769 3722 en
782 3684 798 3720 a
811 3683 914 3722 aucune
926 3675 1004 3722 autre
1017 3671 1052 3722 oh
1070 3675 1142 3724 cette

30 3740 115 3800 affaire
132 3748 184 3815 put
202 3749 261 3802 stre
279 3747 387 3804 truitae.
425 3746 490 3801 Cela
508 3752 550 3801 est
568 3748 591 3802 si
611 3748 670 3802 vrai
690 3763 741 3815 que
759 3748 798 3802 les
817 3748 976 3802 assemblees
994 3750 1030 3802 du
1044 3749 1141 3818 Clerge

29 3819 94 3876 u'ont
108 3826 207 3894 jamais
225 3828 358 3896 pretendu
376 3827 471 3894 qu’elle
490 3829 541 3881 dtlt
559 3829 617 3882 stre
635 3832 728 3895 portes
747 3832 764 3882 a
782 3845 819 3882 un
838 3828 959 3882 tribuual
977 3828 1140 3884 ecclesiasti-

28 3914 81 3965 (lue.
115 3906 166 3960 Sur
189 3922 219 3961 ce
243 3907 365 3975 principe
390 3908 429 3962 les
448 3908 572 3976 Eveques
597 3909 643 3962 des
669 3915 766 3975 quatre
791 3909 932 3976 provinces
959 3916 1007 3963 ont
1031 3911 1141 3977 produit

29 3978 93 4037 leurs
117 3987 210 4055 titres;
239 3988 273 4042 ils
299 3999 347 4042 ont
372 3991 416 4042 ete
435 3988 572 4043 examines
596 4005 647 4056 par
671 3989 709 4043 les
735 4005 803 4057 gaus
828 3990 864 4042 du
887 3989 993 4044 Conscil
1018 3990 1056 4044 les
1080 3990 1141 4057 plus

28 4060 143 4130 colunes,
172 4067 313 4122 tellement
332 4066 396 4135 qn'il
414 4073 457 4122 est
475 4068 535 4122 vrai
563 4084 614 4136 que
633 4068 658 4123 le
680 4069 824 4137 jugement
849 4084 900 4136 que
917 4069 943 4124 lc
962 4069 1002 4123 roi
1021 4086 1038 4123 a
1056 4072 1141 4124 rendu

29 4147 66 4193 est
83 4147 312 4202 contradictoire.“
350 4148 552 4202 Preces-verbal
571 4152 666 4203 seance
685 4150 721 4202 du
742 4151 779 4201 1‘·r
794 4149 847 4202 mai
868 4149 951 4209 1681,
972 4165 1013 4217 ap.
1033 4150 1139 4215 Loyson

28 4216 81 4276 le.
100 4239 124 4290 p.
145 4229 184 4280 17.
205 4257 237 4266 -
257 4227 384 4281 Insinuat
402 4232 493 4282 tamen
512 4229 567 4282 alia
585 4229 704 4283 remedia
722 4229 829 4295 quidem
848 4228 979 4294 adfuisse,
1005 4236 1140 4297 quatenus
