3034 4894
308 479 345 531 48
435 477 576 535 XXXVII.
596 479 636 532 De
654 478 744 533 initiis
762 495 793 533 ac
811 479 844 534 de
862 495 974 548 propag,
994 481 1305 548 pseudoreformationis.

307 623 395 684 enim
430 643 532 706 quum
567 624 601 685 in
636 622 796 687 abusibus
827 623 981 688 tollendis
1010 627 1110 689 etiam
1135 629 1229 690 varia
1253 631 1434 712 corrigeret

307 740 391 803 quae
422 728 518 782 taxas
549 728 581 782 et
613 732 794 804 proventus
823 721 1018 806 spectabant
1051 733 1083 786 et
1113 725 1223 788 minus
1252 728 1433 790 convenire

306 816 517 898 videbantur,
559 817 783 883 multitudinis
822 829 855 883 et
893 819 1086 884 officialium
1124 823 1157 884 in
1199 845 1233 885 se
1272 825 1435 888 excitavit

305 915 455 976 animum
480 914 646 978 infensum
672 927 805 1002 propter
836 919 1048 982 incommoda
1071 941 1157 1004 quae
1179 920 1258 985 inde
1282 922 1435 986 orieban-

305 1022 367 1078 tur.
415 1013 485 1076 Nee
522 1012 663 1077 feliciter
693 1016 765 1078 viro
804 1017 952 1100 piissimo
986 1037 1037 1079 res
1059 1019 1157 1081 cessit
1181 1020 1214 1080 in
1239 1018 1434 1101 Germania,

305 1112 460 1196 quemvis
484 1133 648 1175 summam
673 1112 848 1176 adhiberet
871 1135 1016 1198 operam,
1049 1125 1084 1177 ut
1107 1116 1276 1200 principes
1300 1117 1344 1181 ad
1367 1118 1434 1182 Lu·

305 1207 436 1271 therum
461 1207 688 1294 abjiciendum
714 1221 873 1276 moveret.
920 1211 1011 1274 Misit
1035 1211 1193 1278 videlieet
1221 1215 1264 1278 ad
1289 1237 1433 1280 conven-

305 1316 377 1369 tum
394 1328 492 1391 quem
510 1308 677 1393 principes
692 1307 829 1372 absente
847 1307 987 1372 Caesare
1004 1309 1243 1395 Norimbergae
1268 1314 1435 1397 cogebant

304 1405 519 1468 Franciscum
536 1403 770 1489 Obieregatum
795 1408 950 1469 nuntium
967 1429 1074 1486 suum,
1099 1410 1229 1494 ipsique
1246 1410 1432 1491 mandavit,

303 1512 341 1564 ut
371 1505 540 1587 principes
572 1502 763 1567 sollicitaret
786 1505 829 1568 ad
853 1506 1133 1588 exstinguendum
1167 1506 1342 1572 haereseos
1367 1509 1433 1572 Lu-

303 1600 461 1664 tberanae
492 1601 698 1666 incendium.
745 1603 851 1666 Multa
874 1604 1040 1668 rationum
1066 1616 1233 1669 momenta
1258 1619 1434 1671 enumerat

303 1698 496 1762 Hadrianus
520 1699 555 1761 in
579 1700 802 1763 Instructione
828 1697 1023 1784 Olrieregato
1048 1705 1250 1784 transmissa,
1277 1705 1335 1768 sed
1362 1727 1433 1790 per·

304 1799 494 1860 versitatem
518 1795 691 1861 hominum
717 1820 783 1861 non
808 1799 887 1862 satis
910 1799 1084 1863 attendens
1108 1802 1142 1863 in
1159 1802 1325 1866 mandatis
1350 1805 1432 1887 istis,

304 1904 341 1957 ut
364 1897 529 1958 sincerum
556 1895 626 1978 ejus
650 1894 814 1959 fervorem
839 1897 1007 1982 principes
1031 1911 1256 1982 agnoscerent,
1283 1903 1434 1964 severius

302 1993 496 2078 perstrinxit
542 1993 683 2075 abusus,
730 1995 787 2078 qui
834 1996 869 2057 in
916 1995 1023 2079 ipsam
1067 1994 1200 2062 Curiam
1242 1997 1432 2062 Romanam

302 2091 511 2176 irrepserant,
544 2113 583 2154 ae
614 2091 753 2154 nimium
778 2092 847 2155 fere
880 2093 960 2177 ipsis
991 2093 1169 2177 adscripsit
1203 2094 1373 2158 influxum
1397 2098 1432 2160 in

303 2197 411 2251 ortum
435 2187 524 2251 illius
549 2187 704 2253 haeresis.
1098 2248 1101 2255 .

133 2292 292 2364 fladfiQVI
391 2286 444 2352 50.
496 2286 629 2367 „Dices,
663 2288 781 2371 inquit,
816 2308 875 2350 nos
907 2287 1052 2371 ingenue
1083 2288 1189 2370 fateri,
1221 2288 1311 2374 quod
1336 2292 1431 2354 Deus

145 2356 277 2395 mmm
302 2385 389 2448 hanc
413 2386 677 2468 persecutionem
690 2383 862 2448 Ecclesiae
886 2407 964 2448 suae
981 2385 1102 2449 inferre
1118 2389 1280 2472 permittit
1297 2398 1432 2473 propter

302 2491 440 2567 peccata
464 2482 649 2562 hominum,
683 2483 829 2546 maxime
854 2482 1062 2546 sacerdotum
1087 2493 1120 2546 et
1143 2481 1315 2548 Ecclesiae
1339 2507 1432 2568 prae

301 2579 454 2644 latorum.
503 2577 638 2644 Certum
663 2582 752 2643 enim
777 2589 835 2661 est,
860 2601 926 2643 non
942 2603 1012 2644 esse
1036 2579 1267 2646 abbreviatam
1291 2604 1430 2646 manum

302 2678 451 2760 Domini,
476 2688 514 2741 ut
539 2678 668 2742 salvare
693 2687 845 2762 nequeat,
872 2679 930 2742 sed
947 2689 1084 2764 peccata
1100 2679 1252 2746 dividere
1268 2683 1431 2746 internos

302 2786 334 2839 et
372 2778 491 2861 ipsum,
532 2788 564 2838 et
596 2775 800 2839 abscondere
824 2776 945 2839 faeiem
969 2798 1062 2840 suam
1093 2801 1113 2841 a
1146 2779 1251 2860 nobis,
1290 2790 1328 2843 ut
1363 2803 1429 2846 non

303 2875 471 2940 exaudiat.
520 2873 673 2938 Clamant
697 2873 898 2958 Scripturae,
931 2884 1068 2960 peecata
1091 2876 1205 2960 populi
1239 2877 1430 2942 derivaris

301 2975 446 3057 peccatis
476 2972 699 3050 sacerdotum,
733 2981 989 3057 proptereaque,
1021 2983 1059 3037 ut
1090 2977 1137 3037 ait
1161 2973 1428 3060 Chrysostomus,

301 3070 454 3136 Salvator
486 3081 598 3134 noster
631 3080 805 3132 curaturus
839 3068 1005 3133 infirmam
1039 3073 1207 3136 civitatem
1241 3073 1427 3138 Jerusalem

301 3171 468 3254 ingressus
492 3178 541 3232 est
564 3169 656 3252 prius
678 3166 850 3251 templum,
876 3179 911 3230 ut
928 3180 1065 3252 peecata
1089 3171 1296 3234 sacerdotum
1322 3174 1428 3257 primo

301 3269 486 3350 castigaret,
511 3268 615 3329 instar
639 3263 717 3328 boni
743 3264 875 3345 medici,
900 3268 956 3350 qui
982 3265 1133 3330 morbum
1150 3291 1170 3330 a
1185 3268 1299 3332 radice
1325 3280 1426 3335 curat.

301 3365 446 3446 Scimus,
486 3367 520 3428 in
554 3354 618 3428 bae
656 3372 771 3427 sancta
804 3363 890 3428 Sede
926 3364 1051 3450 aliquot
1083 3367 1153 3450 jam
1187 3369 1286 3429 annis
1326 3367 1429 3430 multa

300 3463 526 3526 abominanda
561 3463 672 3543 fuisse,
710 3461 834 3525 abusus
870 3464 903 3526 in
940 3463 1179 3548 spiritualibus,
1213 3485 1370 3528 excessus
1394 3467 1424 3528 in

300 3560 476 3640 mandatis,
513 3570 545 3624 et
577 3563 689 3624 omnia
721 3559 866 3645 denique
895 3562 930 3623 in
956 3583 1146 3645 perversum
1180 3571 1326 3641 mutata3
1367 3583 1425 3625 nec

301 3661 432 3741 mirum,
458 3660 484 3722 si
501 3658 674 3742 aegritudo
699 3681 719 3720 a
744 3660 854 3742 capite
878 3659 913 3721 in
938 3658 1096 3742 membra,
1121 3681 1141 3722 a
1165 3659 1303 3721 summis
1317 3659 1424 3723 Ponti·

301 3758 420 3821 licibus
444 3759 479 3821 in
502 3756 584 3821 alios
608 3755 773 3840 praelatos
798 3756 1019 3821 descenderit.
1066 3757 1191 3822 Omnes
1215 3776 1285 3835 nos,
1319 3756 1353 3819 id
1379 3766 1424 3820 est

299 3854 438 3940 praelati
462 3864 495 3918 et
518 3855 745 3937 ecclesiastici,
771 3854 1024 3936 declinavimus,
1050 3856 1278 3940 unusquisque
1302 3856 1337 3917 in
1353 3856 1423 3917 vias

300 3975 386 4033 suas,
412 3975 473 4016 nec
497 3953 560 4015 fuit
578 3953 650 4037 jam
675 3953 733 4016 din
758 3954 814 4037 qui
838 3952 962 4016 faceret
981 3952 1117 4033 bonum,
1141 3973 1209 4015 non
1232 3951 1298 4014 fuit
1321 3974 1422 4038 usque

300 4050 343 4114 ad
355 4073 474 4115 unum:
500 4049 714 4135 quamobrem
729 4072 863 4113 neeesse
883 4061 940 4130 est,
966 4058 1003 4112 ut
1020 4071 1134 4112 omnes
1154 4049 1271 4112 demus
1285 4048 1421 4134 gloriam

300 4148 383 4229 Deo,
408 4158 441 4211 et
464 4148 676 4212 humiliemus
700 4150 829 4212 animas
846 4159 973 4212 nostras
988 4149 1029 4228 ei,
1055 4147 1234 4233 videatque
1250 4150 1420 4232 unusquis-

300 4268 364 4332 que
388 4256 537 4310 nostrum
562 4245 650 4309 unde
675 4246 840 4328 ceciderit,
872 4256 961 4309 etse
986 4247 1096 4330 potius
1124 4244 1265 4330 quilibet
1282 4246 1418 4330 judicet,
