<?xml version="1.0" encoding="UTF-8"?>
<!DOCTYPE html PUBLIC "-//W3C//DTD XHTML 1.0 Transitional//EN"
    "http://www.w3.org/TR/xhtml1/DTD/xhtml1-transitional.dtd">
<html xmlns="http://www.w3.org/1999/xhtml" xml:lang="en" lang="en">
 <head>
  <title>
</title>
<meta http-equiv="Content-Type" content="text/html;charset=utf-8" />
  <meta name='ocr-system' content='tesseract 3.04.00' />
  <meta name='ocr-capabilities' content='ocr_page ocr_carea ocr_par ocr_line ocrx_word'/>
</head>
<body>
  <div class='ocr_page' id='page_1' title='image "./dissertationess03junggoog_0369.png"; bbox 0 0 2964 4912; ppageno 0'>
   <div class='ocr_carea' id='block_1_1' title="bbox 313 472 1181 532">
    <p class='ocr_par' dir='ltr' id='par_1_1' title="bbox 313 472 1181 532">
     <span class='ocr_line' id='line_1_1' title="bbox 313 472 1181 532; baseline 0 0"><span class='ocrx_word' id='word_1_1' title='bbox 313 478 366 532; x_wconf 78' lang='lat'>356</span> <span class='ocrx_word' id='word_1_2' title='bbox 570 473 641 528; x_wconf 85' lang='lat' dir='ltr'>XLI.</span> <span class='ocrx_word' id='word_1_3' title='bbox 680 475 720 528; x_wconf 89' lang='lat' dir='ltr'>De</span> <span class='ocrx_word' id='word_1_4' title='bbox 737 472 928 528; x_wconf 84' lang='lat' dir='ltr'>Declaratione</span> <span class='ocrx_word' id='word_1_5' title='bbox 947 473 1018 528; x_wconf 87' lang='lat' dir='ltr'>Oleri</span> <span class='ocrx_word' id='word_1_6' title='bbox 1037 473 1181 532; x_wconf 85' lang='lat' dir='ltr'>Gallicani.</span> 
     </span>
    </p>
   </div>
   <div class='ocr_carea' id='block_1_2' title="bbox 157 617 1479 3441">
    <p class='ocr_par' dir='ltr' id='par_1_2' title="bbox 157 617 1425 725">
     <span class='ocr_line' id='line_1_2' title="bbox 157 617 1425 725; baseline -0.003 -41"><span class='ocrx_word' id='word_1_7' title='bbox 157 622 296 725; x_wconf 50' lang='grc' dir='ltr'>ξζξζξζξξζ</span> <span class='ocrx_word' id='word_1_8' title='bbox 404 620 458 683; x_wconf 80' lang='grc'>47.</span> <span class='ocrx_word' id='word_1_9' title='bbox 506 617 852 682; x_wconf 79' lang='lat' dir='ltr'>Animadvertendum</span> <span class='ocrx_word' id='word_1_10' title='bbox 876 628 926 682; x_wconf 87' lang='lat' dir='ltr'>est</span> <span class='ocrx_word' id='word_1_11' title='bbox 948 617 1037 703; x_wconf 92' lang='lat' dir='ltr'>quod</span> <span class='ocrx_word' id='word_1_12' title='bbox 1055 619 1173 681; x_wconf 80' lang='lat' dir='ltr'>attinet</span> <span class='ocrx_word' id='word_1_13' title='bbox 1187 619 1231 681; x_wconf 88' lang='lat' dir='ltr'>ad</span> <span class='ocrx_word' id='word_1_14' title='bbox 1247 617 1425 682; x_wconf 86' lang='lat' dir='ltr'>Articulum</span> 
     </span>
    </p>

    <p class='ocr_par' dir='ltr' id='par_1_3' title="bbox 311 715 1479 1680">
     <span class='ocr_line' id='line_1_3' title="bbox 311 715 1427 806; baseline -0.004 -24"><span class='ocrx_word' id='word_1_15' title='bbox 311 721 469 806; x_wconf 61' lang='lat' dir='ltr'>premam,</span> <span class='ocrx_word' id='word_1_16' title='bbox 503 737 578 780; x_wconf 89' lang='lat' dir='ltr'>eum</span> <span class='ocrx_word' id='word_1_17' title='bbox 611 739 679 781; x_wconf 90' lang='lat' dir='ltr'>non</span> <span class='ocrx_word' id='word_1_18' title='bbox 709 716 939 780; x_wconf 90' lang='lat' dir='ltr'>tantummodo</span> <span class='ocrx_word' id='word_1_19' title='bbox 971 715 1068 798; x_wconf 82' lang='lat' dir='ltr'>dirigi</span> <span class='ocrx_word' id='word_1_20' title='bbox 1099 724 1215 780; x_wconf 90' lang='lat' dir='ltr'>contra</span> <span class='ocrx_word' id='word_1_21' title='bbox 1246 738 1285 779; x_wconf 88' lang='lat' dir='ltr'>ea</span> <span class='ocrx_word' id='word_1_22' title='bbox 1307 738 1427 802; x_wconf 83' lang='lat' dir='ltr'>quasa</span> 
     </span>
     <span class='ocr_line' id='line_1_4' title="bbox 314 812 1427 899; baseline -0.006 -17"><span class='ocrx_word' id='word_1_23' title='bbox 314 817 481 882; x_wconf 85' lang='lat' dir='ltr'>Bonifatio</span> <span class='ocrx_word' id='word_1_24' title='bbox 510 813 595 878; x_wconf 90' lang='lat' dir='ltr'>VIII</span> <span class='ocrx_word' id='word_1_25' title='bbox 618 816 653 877; x_wconf 91' lang='lat' dir='ltr'>in</span> <span class='ocrx_word' id='word_1_26' title='bbox 677 813 774 878; x_wconf 91' lang='lat' dir='ltr'>Bulla</span> <span class='ocrx_word' id='word_1_27' title='bbox 802 813 904 877; x_wconf 81' lang='lat' dir='ltr'>Unam</span> <span class='ocrx_word' id='word_1_28' title='bbox 928 824 1071 877; x_wconf 75' lang='lat' dir='ltr'>sanctam</span> <span class='ocrx_word' id='word_1_29' title='bbox 1100 812 1273 892; x_wconf 88' lang='lat' dir='ltr'>dicuntur,</span> <span class='ocrx_word' id='word_1_30' title='bbox 1304 812 1427 899; x_wconf 88' lang='lat' dir='ltr'>quibus·</span> 
     </span>
     <span class='ocr_line' id='line_1_5' title="bbox 315 909 1431 1002; baseline -0.005 -23"><span class='ocrx_word' id='word_1_31' title='bbox 315 937 379 1002; x_wconf 90' lang='lat' dir='ltr'>que</span> <span class='ocrx_word' id='word_1_32' title='bbox 402 913 490 978; x_wconf 87' lang='lat' dir='ltr'>laedi</span> <span class='ocrx_word' id='word_1_33' title='bbox 509 913 586 997; x_wconf 88' lang='lat' dir='ltr'>jura</span> <span class='ocrx_word' id='word_1_34' title='bbox 611 913 801 996; x_wconf 82' lang='lat' dir='ltr'>principum</span> <span class='ocrx_word' id='word_1_35' title='bbox 819 909 985 976; x_wconf 85' lang='lat' dir='ltr'>Gallicani</span> <span class='ocrx_word' id='word_1_36' title='bbox 1009 910 1133 996; x_wconf 90' lang='lat' dir='ltr'>aliique</span> <span class='ocrx_word' id='word_1_37' title='bbox 1160 933 1265 997; x_wconf 92' lang='lat' dir='ltr'>usque</span> <span class='ocrx_word' id='word_1_38' title='bbox 1289 911 1332 975; x_wconf 88' lang='lat' dir='ltr'>ad</span> <span class='ocrx_word' id='word_1_39' title='bbox 1357 920 1431 973; x_wconf 90' lang='lat' dir='ltr'>tem-</span> 
     </span>
     <span class='ocr_line' id='line_1_6' title="bbox 315 1008 1430 1099; baseline -0.005 -20"><span class='ocrx_word' id='word_1_40' title='bbox 315 1036 395 1099; x_wconf 89' lang='lat' dir='ltr'>pora</span> <span class='ocrx_word' id='word_1_41' title='bbox 419 1020 529 1076; x_wconf 89' lang='lat' dir='ltr'>nostra</span> <span class='ocrx_word' id='word_1_42' title='bbox 554 1011 727 1094; x_wconf 86' lang='lat' dir='ltr'>conquesti</span> <span class='ocrx_word' id='word_1_43' title='bbox 752 1018 838 1090; x_wconf 88' lang='lat' dir='ltr'>sunt,</span> <span class='ocrx_word' id='word_1_44' title='bbox 873 1008 956 1073; x_wconf 87' lang='lat' dir='ltr'>falsa</span> <span class='ocrx_word' id='word_1_45' title='bbox 980 1008 1175 1094; x_wconf 91' lang='lat' dir='ltr'>plerumque</span> <span class='ocrx_word' id='word_1_46' title='bbox 1198 1008 1315 1073; x_wconf 88' lang='lat' dir='ltr'>Bullae</span> <span class='ocrx_word' id='word_1_47' title='bbox 1340 1031 1430 1094; x_wconf 90' lang='lat' dir='ltr'>expo·</span> 
     </span>
     <span class='ocr_line' id='line_1_7' title="bbox 315 1105 1479 1191; baseline -0.006 -17"><span class='ocrx_word' id='word_1_48' title='bbox 315 1112 433 1175; x_wconf 89' lang='lat' dir='ltr'>sitione</span> <span class='ocrx_word' id='word_1_49' title='bbox 454 1107 616 1172; x_wconf 89' lang='lat' dir='ltr'>adhibita.</span> <span class='ocrx_word' id='word_1_50' title='bbox 655 1105 721 1170; x_wconf 85' lang='lat' dir='ltr'>Sed</span> <span class='ocrx_word' id='word_1_51' title='bbox 737 1106 908 1170; x_wconf 86' lang='lat' dir='ltr'>Articulus</span> <span class='ocrx_word' id='word_1_52' title='bbox 925 1108 995 1188; x_wconf 88' lang='lat' dir='ltr'>iste,</span> <span class='ocrx_word' id='word_1_53' title='bbox 1018 1105 1234 1170; x_wconf 88' lang='lat' dir='ltr'>consideratis</span> <span class='ocrx_word' id='word_1_54' title='bbox 1250 1116 1429 1191; x_wconf 90' lang='lat' dir='ltr'>temporum</span> <span class='ocrx_word' id='word_1_55' title='bbox 1478 1149 1479 1160; x_wconf 36' lang='grc' dir='ltr'><strong><em>ο</em></strong></span> 
     </span>
     <span class='ocr_line' id='line_1_8' title="bbox 315 1203 1479 1290; baseline -0.005 -17"><span class='ocrx_word' id='word_1_56' title='bbox 315 1207 561 1273; x_wconf 90' lang='lat' dir='ltr'>circumstantis</span> <span class='ocrx_word' id='word_1_57' title='bbox 585 1227 624 1268; x_wconf 91' lang='lat' dir='ltr'>ac</span> <span class='ocrx_word' id='word_1_58' title='bbox 649 1204 792 1289; x_wconf 88' lang='lat' dir='ltr'>regaliae</span> <span class='ocrx_word' id='word_1_59' title='bbox 815 1203 883 1286; x_wconf 88' lang='lat' dir='ltr'>lite,</span> <span class='ocrx_word' id='word_1_60' title='bbox 913 1205 1219 1289; x_wconf 80' lang='lat' dir='ltr'>interpretationem</span> <span class='ocrx_word' id='word_1_61' title='bbox 1239 1217 1273 1267; x_wconf 91' lang='lat' dir='ltr'>et</span> <span class='ocrx_word' id='word_1_62' title='bbox 1295 1204 1431 1290; x_wconf 87' lang='lat' dir='ltr'>applica·</span> <span class='ocrx_word' id='word_1_63' title='bbox 1478 1239 1479 1282; x_wconf 66' lang='lat'>3</span> 
     </span>
     <span class='ocr_line' id='line_1_9' title="bbox 315 1301 1433 1387; baseline -0.005 -16"><span class='ocrx_word' id='word_1_64' title='bbox 315 1309 439 1372; x_wconf 89' lang='lat' dir='ltr'>tionem</span> <span class='ocrx_word' id='word_1_65' title='bbox 470 1324 582 1368; x_wconf 89' lang='lat' dir='ltr'>secum</span> <span class='ocrx_word' id='word_1_66' title='bbox 613 1303 741 1368; x_wconf 88' lang='lat' dir='ltr'>ferebat</span> <span class='ocrx_word' id='word_1_67' title='bbox 771 1302 874 1366; x_wconf 92' lang='lat' dir='ltr'>multo</span> <span class='ocrx_word' id='word_1_68' title='bbox 906 1301 1111 1387; x_wconf 90' lang='lat' dir='ltr'>ampliorem.</span> <span class='ocrx_word' id='word_1_69' title='bbox 1163 1301 1321 1386; x_wconf 81' lang='lat' dir='ltr'>Legistae</span> <span class='ocrx_word' id='word_1_70' title='bbox 1352 1305 1433 1366; x_wconf 90' lang='lat' dir='ltr'>enim</span> 
     </span>
     <span class='ocr_line' id='line_1_10' title="bbox 316 1399 1479 1487; baseline -0.005 -18"><span class='ocrx_word' id='word_1_71' title='bbox 316 1403 444 1470; x_wconf 85' lang='lat' dir='ltr'>Galliae</span> <span class='ocrx_word' id='word_1_72' title='bbox 468 1401 525 1466; x_wconf 90' lang='lat' dir='ltr'>illa</span> <span class='ocrx_word' id='word_1_73' title='bbox 547 1412 655 1466; x_wconf 88' lang='lat' dir='ltr'>aetate</span> <span class='ocrx_word' id='word_1_74' title='bbox 674 1402 753 1487; x_wconf 89' lang='lat' dir='ltr'>jura</span> <span class='ocrx_word' id='word_1_75' title='bbox 776 1399 972 1485; x_wconf 89' lang='lat' dir='ltr'>temporalia</span> <span class='ocrx_word' id='word_1_76' title='bbox 1003 1410 1036 1464; x_wconf 87' lang='lat' dir='ltr'>et</span> <span class='ocrx_word' id='word_1_77' title='bbox 1059 1400 1173 1464; x_wconf 89' lang='lat' dir='ltr'>civilia</span> <span class='ocrx_word' id='word_1_78' title='bbox 1196 1423 1314 1485; x_wconf 83' lang='lat' dir='ltr'>regum</span> <span class='ocrx_word' id='word_1_79' title='bbox 1340 1403 1432 1464; x_wconf 89' lang='lat' dir='ltr'>etiam</span> <span class='ocrx_word' id='word_1_80' title='bbox 1478 1415 1479 1420; x_wconf 75' lang='grc'>’</span> 
     </span>
     <span class='ocr_line' id='line_1_11' title="bbox 315 1497 1435 1584; baseline -0.006 -18"><span class='ocrx_word' id='word_1_81' title='bbox 315 1501 416 1567; x_wconf 89' lang='lat' dir='ltr'>relate</span> <span class='ocrx_word' id='word_1_82' title='bbox 451 1500 493 1564; x_wconf 91' lang='lat' dir='ltr'>ad</span> <span class='ocrx_word' id='word_1_83' title='bbox 518 1499 703 1563; x_wconf 84' lang='lat' dir='ltr'>Ecclesiam</span> <span class='ocrx_word' id='word_1_84' title='bbox 736 1520 795 1584; x_wconf 91' lang='lat' dir='ltr'>pro</span> <span class='ocrx_word' id='word_1_85' title='bbox 826 1497 963 1561; x_wconf 89' lang='lat' dir='ltr'>arbitrio</span> <span class='ocrx_word' id='word_1_86' title='bbox 1000 1519 1058 1561; x_wconf 89' lang='lat' dir='ltr'>suo</span> <span class='ocrx_word' id='word_1_87' title='bbox 1090 1499 1172 1561; x_wconf 91' lang='lat' dir='ltr'>mire</span> <span class='ocrx_word' id='word_1_88' title='bbox 1203 1499 1435 1563; x_wconf 86' lang='lat' dir='ltr'>extendebant.</span> 
     </span>
     <span class='ocr_line' id='line_1_12' title="bbox 316 1594 1433 1680; baseline -0.005 -16"><span class='ocrx_word' id='word_1_89' title='bbox 316 1601 366 1664; x_wconf 89' lang='lat' dir='ltr'>Ea</span> <span class='ocrx_word' id='word_1_90' title='bbox 389 1597 587 1663; x_wconf 83' lang='lat' dir='ltr'>audiebatur</span> <span class='ocrx_word' id='word_1_91' title='bbox 611 1597 778 1672; x_wconf 90' lang='lat' dir='ltr'>doctrina,</span> <span class='ocrx_word' id='word_1_92' title='bbox 803 1594 987 1660; x_wconf 84' lang='lat' dir='ltr'>Ecclesiam</span> <span class='ocrx_word' id='word_1_93' title='bbox 1008 1595 1065 1680; x_wconf 87' lang='lat' dir='ltr'>jus</span> <span class='ocrx_word' id='word_1_94' title='bbox 1090 1595 1282 1680; x_wconf 84' lang='lat' dir='ltr'>possidendi</span> <span class='ocrx_word' id='word_1_95' title='bbox 1309 1598 1433 1660; x_wconf 88' lang='lat' dir='ltr'>nonnisi</span> 
     </span>
    </p>

    <p class='ocr_par' dir='ltr' id='par_1_4' title="bbox 229 1693 1438 3049">
     <span class='ocr_line' id='line_1_13' title="bbox 229 1693 1436 1779; baseline -0.003 -21"><span class='ocrx_word' id='word_1_96' title='bbox 229 1751 233 1758; x_wconf 93' lang='lat'>.</span> <span class='ocrx_word' id='word_1_97' title='bbox 315 1721 356 1762; x_wconf 88' lang='lat' dir='ltr'>ex</span> <span class='ocrx_word' id='word_1_98' title='bbox 381 1698 594 1762; x_wconf 85' lang='lat' dir='ltr'>concessione</span> <span class='ocrx_word' id='word_1_99' title='bbox 616 1696 772 1779; x_wconf 83' lang='lat' dir='ltr'>gubernii</span> <span class='ocrx_word' id='word_1_100' title='bbox 796 1693 937 1774; x_wconf 82' lang='lat' dir='ltr'>habere3</span> <span class='ocrx_word' id='word_1_101' title='bbox 962 1715 1073 1778; x_wconf 86' lang='lat' dir='ltr'>regem</span> <span class='ocrx_word' id='word_1_102' title='bbox 1100 1716 1166 1778; x_wconf 92' lang='lat' dir='ltr'>qua</span> <span class='ocrx_word' id='word_1_103' title='bbox 1182 1694 1361 1758; x_wconf 92' lang='lat' dir='ltr'>dominum</span> <span class='ocrx_word' id='word_1_104' title='bbox 1377 1694 1436 1757; x_wconf 85' lang='lat' dir='ltr'>fen-</span> 
     </span>
     <span class='ocr_line' id='line_1_14' title="bbox 316 1791 1438 1878; baseline -0.006 -18"><span class='ocrx_word' id='word_1_105' title='bbox 316 1796 480 1862; x_wconf 87' lang='lat' dir='ltr'>datarium</span> <span class='ocrx_word' id='word_1_106' title='bbox 518 1803 617 1878; x_wconf 88' lang='lat' dir='ltr'>atque</span> <span class='ocrx_word' id='word_1_107' title='bbox 655 1792 828 1857; x_wconf 85' lang='lat' dir='ltr'>Ecclesiae</span> <span class='ocrx_word' id='word_1_108' title='bbox 856 1791 1052 1856; x_wconf 85' lang='lat' dir='ltr'>Gallicanae</span> <span class='ocrx_word' id='word_1_109' title='bbox 1089 1800 1330 1876; x_wconf 83' lang='lat' dir='ltr'>protectorem,</span> <span class='ocrx_word' id='word_1_110' title='bbox 1376 1814 1438 1854; x_wconf 88' lang='lat' dir='ltr'>esse</span> 
     </span>
     <span class='ocr_line' id='line_1_15' title="bbox 315 1886 1435 1977; baseline -0.006 -21"><span class='ocrx_word' id='word_1_111' title='bbox 315 1915 431 1958; x_wconf 87' lang='lat' dir='ltr'>verum</span> <span class='ocrx_word' id='word_1_112' title='bbox 475 1912 695 1977; x_wconf 83' lang='lat' dir='ltr'>possessorem</span> <span class='ocrx_word' id='word_1_113' title='bbox 739 1886 901 1954; x_wconf 90' lang='lat' dir='ltr'>bonorum</span> <span class='ocrx_word' id='word_1_114' title='bbox 930 1887 1120 1969; x_wconf 79' lang='lat' dir='ltr'>Ecclesiae,</span> <span class='ocrx_word' id='word_1_115' title='bbox 1164 1891 1272 1973; x_wconf 88' lang='lat' dir='ltr'>ipsam</span> <span class='ocrx_word' id='word_1_116' title='bbox 1313 1890 1435 1954; x_wconf 89' lang='lat' dir='ltr'>nonnisi</span> 
     </span>
     <span class='ocr_line' id='line_1_16' title="bbox 317 1986 1437 2071; baseline -0.008 -16"><span class='ocrx_word' id='word_1_117' title='bbox 317 1991 523 2056; x_wconf 88' lang='lat' dir='ltr'>usufructum</span> <span class='ocrx_word' id='word_1_118' title='bbox 556 2010 669 2052; x_wconf 91' lang='lat' dir='ltr'>eorum</span> <span class='ocrx_word' id='word_1_119' title='bbox 703 1987 836 2051; x_wconf 88' lang='lat' dir='ltr'>habere.</span> <span class='ocrx_word' id='word_1_120' title='bbox 891 1987 963 2051; x_wconf 93' lang='lat' dir='ltr'>Imo</span> <span class='ocrx_word' id='word_1_121' title='bbox 994 1988 1106 2051; x_wconf 90' lang='lat' dir='ltr'>omnia</span> <span class='ocrx_word' id='word_1_122' title='bbox 1138 1986 1340 2071; x_wconf 89' lang='lat' dir='ltr'>temporalia</span> <span class='ocrx_word' id='word_1_123' title='bbox 1377 2008 1437 2050; x_wconf 86' lang='lat' dir='ltr'>esse</span> 
     </span>
     <span class='ocr_line' id='line_1_17' title="bbox 316 2084 1435 2174; baseline -0.006 -21"><span class='ocrx_word' id='word_1_124' title='bbox 316 2092 419 2174; x_wconf 87' lang='lat' dir='ltr'>regis,</span> <span class='ocrx_word' id='word_1_125' title='bbox 453 2090 628 2174; x_wconf 87' lang='lat' dir='ltr'>ipsumque</span> <span class='ocrx_word' id='word_1_126' title='bbox 660 2096 695 2150; x_wconf 92' lang='lat' dir='ltr'>ut</span> <span class='ocrx_word' id='word_1_127' title='bbox 726 2086 899 2150; x_wconf 91' lang='lat' dir='ltr'>dominum</span> <span class='ocrx_word' id='word_1_128' title='bbox 931 2084 1153 2148; x_wconf 89' lang='lat' dir='ltr'>universalem</span> <span class='ocrx_word' id='word_1_129' title='bbox 1183 2086 1282 2148; x_wconf 88' lang='lat' dir='ltr'>etiam</span> <span class='ocrx_word' id='word_1_130' title='bbox 1319 2087 1435 2149; x_wconf 88' lang='lat' dir='ltr'>restitu-</span> 
     </span>
     <span class='ocr_line' id='line_1_18' title="bbox 315 2181 1437 2270; baseline -0.008 -19"><span class='ocrx_word' id='word_1_131' title='bbox 315 2189 439 2252; x_wconf 91' lang='lat' dir='ltr'>tionem</span> <span class='ocrx_word' id='word_1_132' title='bbox 475 2207 588 2249; x_wconf 92' lang='lat' dir='ltr'>eorum</span> <span class='ocrx_word' id='word_1_133' title='bbox 623 2183 790 2269; x_wconf 88' lang='lat' dir='ltr'>postulare</span> <span class='ocrx_word' id='word_1_134' title='bbox 829 2205 935 2270; x_wconf 88' lang='lat' dir='ltr'>posse.</span> <span class='ocrx_word' id='word_1_135' title='bbox 983 2181 1096 2262; x_wconf 76' lang='lat' dir='ltr'>Quum</span> <span class='ocrx_word' id='word_1_136' title='bbox 1129 2182 1329 2247; x_wconf 89' lang='lat' dir='ltr'>Ludovicus</span> <span class='ocrx_word' id='word_1_137' title='bbox 1362 2182 1437 2247; x_wconf 84' lang='lat' dir='ltr'>XIV</span> 
     </span>
     <span class='ocr_line' id='line_1_19' title="bbox 316 2280 1435 2371; baseline -0.007 -22"><span class='ocrx_word' id='word_1_138' title='bbox 316 2307 375 2371; x_wconf 92' lang='lat' dir='ltr'>pro</span> <span class='ocrx_word' id='word_1_139' title='bbox 406 2283 543 2350; x_wconf 89' lang='lat' dir='ltr'>arbitrio</span> <span class='ocrx_word' id='word_1_140' title='bbox 575 2304 633 2346; x_wconf 93' lang='lat' dir='ltr'>suo</span> <span class='ocrx_word' id='word_1_141' title='bbox 665 2282 706 2346; x_wconf 90' lang='lat' dir='ltr'>de</span> <span class='ocrx_word' id='word_1_142' title='bbox 736 2282 832 2346; x_wconf 92' lang='lat' dir='ltr'>bonis</span> <span class='ocrx_word' id='word_1_143' title='bbox 866 2280 1025 2345; x_wconf 89' lang='lat' dir='ltr'>ecclesiae</span> <span class='ocrx_word' id='word_1_144' title='bbox 1057 2281 1232 2365; x_wconf 87' lang='lat' dir='ltr'>disponere</span> <span class='ocrx_word' id='word_1_145' title='bbox 1262 2282 1435 2360; x_wconf 87' lang='lat' dir='ltr'>videretur,</span> 
     </span>
     <span class='ocr_line' id='line_1_20' title="bbox 315 2378 1436 2465; baseline -0.007 -17"><span class='ocrx_word' id='word_1_146' title='bbox 315 2382 501 2448; x_wconf 90' lang='lat' dir='ltr'>timendum</span> <span class='ocrx_word' id='word_1_147' title='bbox 539 2389 626 2461; x_wconf 88' lang='lat' dir='ltr'>erat,</span> <span class='ocrx_word' id='word_1_148' title='bbox 662 2404 704 2444; x_wconf 92' lang='lat' dir='ltr'>ne</span> <span class='ocrx_word' id='word_1_149' title='bbox 742 2382 841 2444; x_wconf 91' lang='lat' dir='ltr'>etiam</span> <span class='ocrx_word' id='word_1_150' title='bbox 872 2381 945 2465; x_wconf 89' lang='lat' dir='ltr'>ipse</span> <span class='ocrx_word' id='word_1_151' title='bbox 982 2378 1035 2442; x_wconf 90' lang='lat' dir='ltr'>his</span> <span class='ocrx_word' id='word_1_152' title='bbox 1071 2379 1209 2443; x_wconf 89' lang='lat' dir='ltr'>theoriis</span> <span class='ocrx_word' id='word_1_153' title='bbox 1246 2379 1436 2444; x_wconf 83' lang='lat' dir='ltr'>inhaereret</span> 
     </span>
     <span class='ocr_line' id='line_1_21' title="bbox 316 2477 1437 2564; baseline -0.008 -19"><span class='ocrx_word' id='word_1_154' title='bbox 316 2480 373 2546; x_wconf 83' lang='lat' dir='ltr'>Sic</span> <span class='ocrx_word' id='word_1_155' title='bbox 397 2478 567 2544; x_wconf 86' lang='lat' dir='ltr'>Articulus</span> <span class='ocrx_word' id='word_1_156' title='bbox 601 2477 654 2542; x_wconf 89' lang='lat' dir='ltr'>ille</span> <span class='ocrx_word' id='word_1_157' title='bbox 686 2480 813 2564; x_wconf 90' lang='lat' dir='ltr'>primus</span> <span class='ocrx_word' id='word_1_158' title='bbox 837 2479 932 2562; x_wconf 88' lang='lat' dir='ltr'>vagis</span> <span class='ocrx_word' id='word_1_159' title='bbox 962 2479 1030 2540; x_wconf 90' lang='lat' dir='ltr'>suis</span> <span class='ocrx_word' id='word_1_160' title='bbox 1054 2477 1331 2561; x_wconf 86' lang='lat' dir='ltr'>expressionibus</span> <span class='ocrx_word' id='word_1_161' title='bbox 1361 2478 1437 2541; x_wconf 86' lang='lat' dir='ltr'>fave·</span> 
     </span>
     <span class='ocr_line' id='line_1_22' title="bbox 316 2573 1436 2644; baseline -0.009 0"><span class='ocrx_word' id='word_1_162' title='bbox 316 2579 375 2644; x_wconf 91' lang='lat' dir='ltr'>bat</span> <span class='ocrx_word' id='word_1_163' title='bbox 399 2577 601 2644; x_wconf 79' lang='lat' dir='ltr'>absolutismo</span> <span class='ocrx_word' id='word_1_164' title='bbox 626 2577 772 2640; x_wconf 88' lang='lat' dir='ltr'>maxime</span> <span class='ocrx_word' id='word_1_165' title='bbox 795 2575 980 2640; x_wconf 89' lang='lat' dir='ltr'>arbitrario.</span> <span class='ocrx_word' id='word_1_166' title='bbox 1024 2576 1199 2638; x_wconf 88' lang='lat' dir='ltr'>Praeterea</span> <span class='ocrx_word' id='word_1_167' title='bbox 1223 2573 1328 2639; x_wconf 86' lang='lat' dir='ltr'>obvio</span> <span class='ocrx_word' id='word_1_168' title='bbox 1353 2595 1436 2639; x_wconf 88' lang='lat' dir='ltr'>sensu</span> 
     </span>
     <span class='ocr_line' id='line_1_23' title="bbox 318 2673 1436 2760; baseline -0.009 -19"><span class='ocrx_word' id='word_1_169' title='bbox 318 2677 433 2760; x_wconf 90' lang='lat' dir='ltr'>eodem</span> <span class='ocrx_word' id='word_1_170' title='bbox 466 2679 567 2740; x_wconf 89' lang='lat' dir='ltr'>etiam</span> <span class='ocrx_word' id='word_1_171' title='bbox 599 2673 831 2739; x_wconf 86' lang='lat' dir='ltr'>continebatur</span> <span class='ocrx_word' id='word_1_172' title='bbox 861 2673 1030 2755; x_wconf 86' lang='lat' dir='ltr'>doctrina,</span> <span class='ocrx_word' id='word_1_173' title='bbox 1069 2693 1180 2756; x_wconf 85' lang='lat' dir='ltr'>regem</span> <span class='ocrx_word' id='word_1_174' title='bbox 1211 2673 1246 2736; x_wconf 94' lang='lat' dir='ltr'>in</span> <span class='ocrx_word' id='word_1_175' title='bbox 1270 2695 1338 2736; x_wconf 87' lang='lat' dir='ltr'>usu</span> <span class='ocrx_word' id='word_1_176' title='bbox 1363 2682 1436 2758; x_wconf 84' lang='lat' dir='ltr'>pote-</span> 
     </span>
     <span class='ocr_line' id='line_1_24' title="bbox 318 2769 1436 2856; baseline -0.007 -18"><span class='ocrx_word' id='word_1_177' title='bbox 318 2777 410 2838; x_wconf 87' lang='lat' dir='ltr'>statis</span> <span class='ocrx_word' id='word_1_178' title='bbox 435 2795 513 2838; x_wconf 88' lang='lat' dir='ltr'>suae</span> <span class='ocrx_word' id='word_1_179' title='bbox 537 2771 629 2836; x_wconf 91' lang='lat' dir='ltr'>civili</span> <span class='ocrx_word' id='word_1_180' title='bbox 653 2793 720 2835; x_wconf 91' lang='lat' dir='ltr'>non</span> <span class='ocrx_word' id='word_1_181' title='bbox 747 2771 935 2856; x_wconf 89' lang='lat' dir='ltr'>dependere</span> <span class='ocrx_word' id='word_1_182' title='bbox 958 2771 1001 2835; x_wconf 89' lang='lat' dir='ltr'>ab</span> <span class='ocrx_word' id='word_1_183' title='bbox 1026 2770 1257 2834; x_wconf 89' lang='lat' dir='ltr'>observatione</span> <span class='ocrx_word' id='word_1_184' title='bbox 1282 2769 1436 2834; x_wconf 88' lang='lat' dir='ltr'>doctrina·</span> 
     </span>
     <span class='ocr_line' id='line_1_25' title="bbox 317 2866 1437 2957; baseline -0.009 -20"><span class='ocrx_word' id='word_1_185' title='bbox 317 2895 391 2937; x_wconf 92' lang='lat' dir='ltr'>rum</span> <span class='ocrx_word' id='word_1_186' title='bbox 416 2882 449 2936; x_wconf 91' lang='lat' dir='ltr'>et</span> <span class='ocrx_word' id='word_1_187' title='bbox 471 2878 723 2957; x_wconf 90' lang='lat' dir='ltr'>praeceptorum</span> <span class='ocrx_word' id='word_1_188' title='bbox 748 2869 928 2950; x_wconf 82' lang='lat' dir='ltr'>Ecclesiae,</span> <span class='ocrx_word' id='word_1_189' title='bbox 954 2870 1090 2955; x_wconf 89' lang='lat' dir='ltr'>ejusque</span> <span class='ocrx_word' id='word_1_190' title='bbox 1109 2868 1239 2954; x_wconf 90' lang='lat' dir='ltr'>judicio</span> <span class='ocrx_word' id='word_1_191' title='bbox 1263 2866 1333 2932; x_wconf 89' lang='lat' dir='ltr'>hac</span> <span class='ocrx_word' id='word_1_192' title='bbox 1357 2870 1390 2930; x_wconf 90' lang='lat' dir='ltr'>in</span> <span class='ocrx_word' id='word_1_193' title='bbox 1410 2886 1437 2927; x_wconf 88' lang='lat' dir='ltr'>re</span> 
     </span>
     <span class='ocr_line' id='line_1_26' title="bbox 318 2969 707 3049; baseline -0.01 -14"><span class='ocrx_word' id='word_1_194' title='bbox 318 2969 507 3035; x_wconf 88' lang='lat' dir='ltr'>nullatenus</span> <span class='ocrx_word' id='word_1_195' title='bbox 531 2969 707 3049; x_wconf 87' lang='lat' dir='ltr'>subesse.¹)</span> 
     </span>
    </p>

    <p class='ocr_par' dir='ltr' id='par_1_5' title="bbox 320 3060 1478 3348">
     <span class='ocr_line' id='line_1_27' title="bbox 407 3060 1478 3130; baseline -0.002 0"><span class='ocrx_word' id='word_1_196' title='bbox 407 3066 559 3130; x_wconf 91' lang='lat' dir='ltr'>Articulo</span> <span class='ocrx_word' id='word_1_197' title='bbox 583 3066 718 3130; x_wconf 82' lang='lat' dir='ltr'>secando</span> <span class='ocrx_word' id='word_1_198' title='bbox 741 3065 957 3130; x_wconf 88' lang='lat' dir='ltr'>vindicantur</span> <span class='ocrx_word' id='word_1_199' title='bbox 981 3067 1125 3128; x_wconf 89' lang='lat' dir='ltr'>Decreta</span> <span class='ocrx_word' id='word_1_200' title='bbox 1148 3064 1276 3128; x_wconf 88' lang='lat' dir='ltr'>famosa</span> <span class='ocrx_word' id='word_1_201' title='bbox 1303 3060 1434 3128; x_wconf 89' lang='lat' dir='ltr'>Concilii</span> <span class='ocrx_word' id='word_1_202' title='bbox 1477 3067 1478 3128; x_wconf 70' lang='lat' dir='ltr'>l</span> 
     </span>
     <span class='ocr_line' id='line_1_28' title="bbox 320 3161 1438 3247; baseline -0.011 -15"><span class='ocrx_word' id='word_1_203' title='bbox 320 3166 583 3232; x_wconf 82' lang='lat' dir='ltr'>Constantiensis</span> <span class='ocrx_word' id='word_1_204' title='bbox 621 3162 802 3227; x_wconf 87' lang='lat' dir='ltr'>universali</span> <span class='ocrx_word' id='word_1_205' title='bbox 846 3165 1057 3247; x_wconf 89' lang='lat' dir='ltr'>extensione,</span> <span class='ocrx_word' id='word_1_206' title='bbox 1098 3161 1248 3247; x_wconf 91' lang='lat' dir='ltr'>adeoque</span> <span class='ocrx_word' id='word_1_207' title='bbox 1291 3162 1438 3225; x_wconf 85' lang='lat' dir='ltr'>statuitur</span> 
     </span>
     <span class='ocr_line' id='line_1_29' title="bbox 323 3261 890 3348; baseline -0.007 -18"><span class='ocrx_word' id='word_1_208' title='bbox 323 3263 467 3332; x_wconf 76' lang='lat' dir='ltr'>Concilio</span> <span class='ocrx_word' id='word_1_209' title='bbox 490 3284 554 3325; x_wconf 84' lang='lat' dir='ltr'>ease</span> <span class='ocrx_word' id='word_1_210' title='bbox 578 3285 678 3348; x_wconf 83' lang='lat' dir='ltr'>supra</span> <span class='ocrx_word' id='word_1_211' title='bbox 703 3261 890 3344; x_wconf 78' lang='lat' dir='ltr'>Pontificem.</span> 
     </span>
    </p>

    <p class='ocr_par' dir='ltr' id='par_1_6' title="bbox 409 3356 1434 3441">
     <span class='ocr_line' id='line_1_30' title="bbox 409 3356 1434 3441; baseline -0.005 -18"><span class='ocrx_word' id='word_1_212' title='bbox 409 3359 559 3424; x_wconf 86' lang='lat' dir='ltr'>Articulo</span> <span class='ocrx_word' id='word_1_213' title='bbox 585 3361 676 3422; x_wconf 81' lang='lat' dir='ltr'>tertio</span> <span class='ocrx_word' id='word_1_214' title='bbox 700 3359 862 3422; x_wconf 90' lang='lat' dir='ltr'>limitatur</span> <span class='ocrx_word' id='word_1_215' title='bbox 885 3360 1065 3422; x_wconf 88' lang='lat' dir='ltr'>auotoritas</span> <span class='ocrx_word' id='word_1_216' title='bbox 1081 3356 1254 3421; x_wconf 89' lang='lat' dir='ltr'>Pontificis</span> <span class='ocrx_word' id='word_1_217' title='bbox 1278 3379 1342 3441; x_wconf 90' lang='lat' dir='ltr'>per</span> <span class='ocrx_word' id='word_1_218' title='bbox 1365 3357 1434 3420; x_wconf 85' lang='lat' dir='ltr'>Con·</span> 
     </span>
    </p>
   </div>
   <div class='ocr_carea' id='block_1_3' title="bbox 319 3452 1437 4014">
    <p class='ocr_par' dir='ltr' id='par_1_7' title="bbox 319 3452 1437 4014">
     <span class='ocr_line' id='line_1_31' title="bbox 320 3452 1436 3542; baseline -0.009 -19"><span class='ocrx_word' id='word_1_219' title='bbox 320 3458 472 3524; x_wconf 91' lang='lat' dir='ltr'>ciliorum</span> <span class='ocrx_word' id='word_1_220' title='bbox 497 3479 651 3534; x_wconf 86' lang='lat' dir='ltr'>canones,</span> <span class='ocrx_word' id='word_1_221' title='bbox 683 3479 749 3542; x_wconf 89' lang='lat' dir='ltr'>qua</span> <span class='ocrx_word' id='word_1_222' title='bbox 779 3459 815 3520; x_wconf 92' lang='lat' dir='ltr'>in</span> <span class='ocrx_word' id='word_1_223' title='bbox 846 3479 881 3520; x_wconf 89' lang='lat' dir='ltr'>re</span> <span class='ocrx_word' id='word_1_224' title='bbox 906 3456 1064 3520; x_wconf 88' lang='lat' dir='ltr'>videntur</span> <span class='ocrx_word' id='word_1_225' title='bbox 1086 3454 1234 3519; x_wconf 89' lang='lat' dir='ltr'>alludere</span> <span class='ocrx_word' id='word_1_226' title='bbox 1258 3455 1303 3518; x_wconf 90' lang='lat' dir='ltr'>ad</span> <span class='ocrx_word' id='word_1_227' title='bbox 1319 3452 1436 3540; x_wconf 82' lang='lat' dir='ltr'>falsam</span> 
     </span>
     <span class='ocr_line' id='line_1_32' title="bbox 321 3547 1436 3642; baseline -0.011 -21"><span class='ocrx_word' id='word_1_228' title='bbox 321 3558 562 3642; x_wconf 90' lang='lat' dir='ltr'>expositionem</span> <span class='ocrx_word' id='word_1_229' title='bbox 586 3555 764 3619; x_wconf 89' lang='lat' dir='ltr'>verborum</span> <span class='ocrx_word' id='word_1_230' title='bbox 786 3553 928 3620; x_wconf 87' lang='lat' dir='ltr'>Concilii</span> <span class='ocrx_word' id='word_1_231' title='bbox 946 3553 1149 3618; x_wconf 82' lang='lat' dir='ltr'>Florentini:</span> <span class='ocrx_word' id='word_1_232' title='bbox 1173 3547 1301 3615; x_wconf 73' lang='lat' dir='ltr'>aau&#39;tv</span> <span class='ocrx_word' id='word_1_233' title='bbox 1323 3549 1436 3634; x_wconf 75' lang='grc' dir='ltr'><strong><em>τρόπον</em></strong></span> 
     </span>
     <span class='ocr_line' id='line_1_33' title="bbox 319 3645 1437 3738; baseline -0.009 -21"><span class='ocrx_word' id='word_1_234' title='bbox 319 3653 373 3719; x_wconf 82' lang='grc' dir='ltr'>καὶ</span> <span class='ocrx_word' id='word_1_235' title='bbox 398 3649 432 3717; x_wconf 79' lang='grc' dir='ltr'>ἐν</span> <span class='ocrx_word' id='word_1_236' title='bbox 454 3655 523 3729; x_wconf 82' lang='grc' dir='ltr'><strong><em>τοῖς</em></strong></span> <span class='ocrx_word' id='word_1_237' title='bbox 546 3656 736 3738; x_wconf 77' lang='grc' dir='ltr'><strong><em>πρακτικοῖς</em></strong></span> <span class='ocrx_word' id='word_1_238' title='bbox 759 3657 822 3716; x_wconf 82' lang='grc' dir='ltr'>τῶν</span> <span class='ocrx_word' id='word_1_239' title='bbox 837 3646 1063 3734; x_wconf 82' lang='grc' dir='ltr'><strong><em>οἰκουμενίκωο</em></strong></span> <span class='ocrx_word' id='word_1_240' title='bbox 1079 3647 1231 3728; x_wconf 80' lang='grc' dir='ltr'><strong><em>συνόδων,</em></strong></span> <span class='ocrx_word' id='word_1_241' title='bbox 1256 3648 1312 3713; x_wconf 78' lang='grc' dir='ltr'>καὶ</span> <span class='ocrx_word' id='word_1_242' title='bbox 1328 3645 1363 3712; x_wconf 71' lang='grc' dir='ltr'>ἓν</span> <span class='ocrx_word' id='word_1_243' title='bbox 1377 3650 1437 3718; x_wconf 76' lang='grc' dir='ltr'><strong><em>τοῖς</em></strong></span> 
     </span>
     <span class='ocr_line' id='line_1_34' title="bbox 321 3747 1435 3838; baseline -0.01 -21"><span class='ocrx_word' id='word_1_244' title='bbox 321 3748 418 3838; x_wconf 72' lang='grc' dir='ltr'><strong><em>ἱεροῖς</em></strong></span> <span class='ocrx_word' id='word_1_245' title='bbox 440 3750 553 3816; x_wconf 75' lang='lat' dir='ltr'>advoca</span> <span class='ocrx_word' id='word_1_246' title='bbox 577 3749 848 3834; x_wconf 72' lang='grc' dir='ltr'><strong><em>διαλαμβάνετοις</em></strong></span> <span class='ocrx_word' id='word_1_247' title='bbox 879 3751 1047 3814; x_wconf 79' lang='lat' dir='ltr'>secandam</span> <span class='ocrx_word' id='word_1_248' title='bbox 1077 3771 1165 3835; x_wconf 79' lang='lat' dir='ltr'>qaam</span> <span class='ocrx_word' id='word_1_249' title='bbox 1194 3749 1322 3814; x_wconf 82' lang='lat' dir='ltr'>modum</span> <span class='ocrx_word' id='word_1_250' title='bbox 1338 3802 1344 3813; x_wconf 91' lang='lat'>.</span> <span class='ocrx_word' id='word_1_251' title='bbox 1363 3797 1370 3812; x_wconf 92' lang='lat'>.</span> <span class='ocrx_word' id='word_1_252' title='bbox 1386 3795 1393 3809; x_wconf 91' lang='lat'><strong>.</strong></span> <span class='ocrx_word' id='word_1_253' title='bbox 1408 3747 1435 3806; x_wconf 82' lang='lat' dir='ltr'>iu</span> 
     </span>
     <span class='ocr_line' id='line_1_35' title="bbox 321 3840 1433 3934; baseline -0.01 -20"><span class='ocrx_word' id='word_1_254' title='bbox 321 3852 423 3916; x_wconf 80' lang='lat' dir='ltr'>sacris</span> <span class='ocrx_word' id='word_1_255' title='bbox 439 3851 611 3915; x_wconf 80' lang='lat' dir='ltr'>canonibus</span> <span class='ocrx_word' id='word_1_256' title='bbox 631 3849 869 3914; x_wconf 79' lang='lat' dir='ltr'>determinatur.</span> <span class='ocrx_word' id='word_1_257' title='bbox 904 3847 1080 3934; x_wconf 83' lang='lat' dir='ltr'>Adjiciunt</span> <span class='ocrx_word' id='word_1_258' title='bbox 1096 3846 1354 3912; x_wconf 89' lang='lat' dir='ltr'>consuetudines</span> <span class='ocrx_word' id='word_1_259' title='bbox 1370 3840 1433 3907; x_wconf 85' lang='lat' dir='ltr'>Gal·</span> 
     </span>
     <span class='ocr_line' id='line_1_36' title="bbox 321 3948 456 4014; baseline 0.015 -3"><span class='ocrx_word' id='word_1_260' title='bbox 321 3948 456 4014; x_wconf 91' lang='lat' dir='ltr'>licanas.</span> 
     </span>
    </p>
   </div>
   <div class='ocr_carea' id='block_1_4' title="bbox 321 4097 1433 4340">
    <p class='ocr_par' dir='ltr' id='par_1_8' title="bbox 321 4097 1433 4340">
     <span class='ocr_line' id='line_1_37' title="bbox 400 4097 1432 4178; baseline -0.014 -15"><span class='ocrx_word' id='word_1_261' title='bbox 400 4108 419 4178; x_wconf 82' lang='lat'>¹)</span> <span class='ocrx_word' id='word_1_262' title='bbox 438 4109 501 4163; x_wconf 88' lang='lat' dir='ltr'>Jam</span> <span class='ocrx_word' id='word_1_263' title='bbox 528 4123 552 4160; x_wconf 87' lang='lat' dir='ltr'>a.</span> <span class='ocrx_word' id='word_1_264' title='bbox 573 4106 642 4160; x_wconf 85' lang='lat'>1615</span> <span class='ocrx_word' id='word_1_265' title='bbox 671 4106 700 4159; x_wconf 92' lang='lat' dir='ltr'>in</span> <span class='ocrx_word' id='word_1_266' title='bbox 725 4105 849 4160; x_wconf 84' lang='lat' dir='ltr'>Oomitiis</span> <span class='ocrx_word' id='word_1_267' title='bbox 877 4104 1050 4174; x_wconf 83' lang='lat' dir='ltr'>generalibus</span> <span class='ocrx_word' id='word_1_268' title='bbox 1077 4103 1157 4174; x_wconf 83' lang='lat' dir='ltr'>regni</span> <span class='ocrx_word' id='word_1_269' title='bbox 1185 4120 1202 4157; x_wconf 89' lang='lat' dir='ltr'>a</span> <span class='ocrx_word' id='word_1_270' title='bbox 1227 4103 1323 4158; x_wconf 90' lang='lat' dir='ltr'>civium</span> <span class='ocrx_word' id='word_1_271' title='bbox 1353 4097 1432 4170; x_wconf 86' lang='lat' dir='ltr'>(tertii</span> 
     </span>
     <span class='ocr_line' id='line_1_38' title="bbox 321 4177 1433 4258; baseline -0.013 -16"><span class='ocrx_word' id='word_1_272' title='bbox 321 4193 422 4258; x_wconf 81' lang='lat' dir='ltr'>status)</span> <span class='ocrx_word' id='word_1_273' title='bbox 452 4187 604 4256; x_wconf 82' lang='lat' dir='ltr'>deputatis,</span> <span class='ocrx_word' id='word_1_274' title='bbox 634 4185 802 4254; x_wconf 84' lang='lat' dir='ltr'>postulatum</span> <span class='ocrx_word' id='word_1_275' title='bbox 828 4185 934 4251; x_wconf 69' lang='lat' dir='ltr'>fuerat,</span> <span class='ocrx_word' id='word_1_276' title='bbox 962 4192 994 4238; x_wconf 86' lang='lat' dir='ltr'>ut</span> <span class='ocrx_word' id='word_1_277' title='bbox 1023 4185 1209 4238; x_wconf 85' lang='lat' dir='ltr'>declararetur</span> <span class='ocrx_word' id='word_1_278' title='bbox 1236 4177 1433 4250; x_wconf 82' lang='lat' dir='ltr'>independeotia</span> 
     </span>
     <span class='ocr_line' id='line_1_39' title="bbox 322 4266 952 4340; baseline -0.008 -16"><span class='ocrx_word' id='word_1_279' title='bbox 322 4269 396 4340; x_wconf 86' lang='lat' dir='ltr'>regis</span> <span class='ocrx_word' id='word_1_280' title='bbox 415 4269 444 4323; x_wconf 92' lang='lat' dir='ltr'>in</span> <span class='ocrx_word' id='word_1_281' title='bbox 462 4267 541 4323; x_wconf 88' lang='lat' dir='ltr'>rebus</span> <span class='ocrx_word' id='word_1_282' title='bbox 559 4266 753 4335; x_wconf 87' lang='lat' dir='ltr'>temporalibus</span> <span class='ocrx_word' id='word_1_283' title='bbox 772 4266 805 4320; x_wconf 87' lang='lat' dir='ltr'>ab</span> <span class='ocrx_word' id='word_1_284' title='bbox 824 4267 952 4322; x_wconf 83' lang='lat' dir='ltr'>Ecclesia.</span> 
     </span>
    </p>
   </div>
   <div class='ocr_carea' id='block_1_5' title="bbox 0 0 1493 4912">
    <p class='ocr_par' dir='ltr' id='par_1_9' title="bbox 0 0 1493 4912">
     <span class='ocr_line' id='line_1_40' title="bbox 0 0 1493 4912; baseline 0 0"><span class='ocrx_word' id='word_1_285' title='bbox 0 0 1493 4912; x_wconf 95' lang='lat' dir='ltr'> </span> 
     </span>
    </p>
   </div>
  </div>
 </body>
</html>
