3034 4894
321 485 355 544 ra
605 489 763 547 xxxrnr.
783 493 823 547 ne
842 494 960 548 coneric
978 471 1150 553 serenans

321 637 430 698 minus
450 643 598 718 nocente,
633 635 689 698 sed
723 639 829 720 magis
860 639 980 704 Inviso.
1026 639 1066 702 In
1099 661 1136 704 eo
1166 642 1266 704 timor
1297 643 1433 706 domina·

319 732 435 796 batur:
467 755 506 797 ea
535 733 692 797 nimirum
723 737 826 798 animi
846 737 987 817 affectio,
1018 757 1103 823 quae
1128 738 1207 802 dum
1232 737 1315 803 alios
1339 741 1433 825 pluris

319 832 487 910 aestImat,
534 830 702 895 hominem
742 831 816 896 aliis
856 835 992 898 minoris
1033 833 1274 900 aestimabilem
1322 838 1432 902 reddit.

320 929 496 992 Caeterum
526 947 619 993 mens
650 931 684 992 in
716 949 754 994 eo
785 953 896 995 rerum
920 931 1137 1016 plurimarum
1171 956 1286 1020 capax,
1322 958 1434 1019 magna

319 1029 354 1090 in
387 1026 515 1111 agendo
549 1028 689 1109 solertia,
729 1031 909 1114 conspicua
944 1052 1072 1096 morum
1101 1034 1258 1116 gravitas,
1298 1034 1433 1118 plurIma

319 1123 452 1209 linguae
484 1125 677 1208 efficacitas3
717 1127 800 1190 hacc
832 1137 943 1192 tamen
976 1129 1095 1194 decora
1131 1151 1219 1216 quae
1251 1132 1430 1196 Ministrun

319 1225 489 1306 egregium
513 1227 605 1309 prius
633 1225 820 1307 effecerant,
850 1226 941 1290 haud
965 1228 1100 1313 quidem
1125 1232 1204 1293 satis
1228 1215 1371 1310 fuerunt,
1403 1241 1433 1292 ut

319 1321 496 1408 amabilem
513 1322 704 1408 Principem
729 1333 842 1409 postea
865 1325 1106 1408 redderent.“¹)
1139 1327 1191 1390 Ex
1217 1327 1315 1390 dietis
1331 1339 1432 1391 autem

287 1428 289 1433 ’
319 1419 494 1502 colligitur,
527 1418 732 1485 Clementem
757 1421 823 1486 VII
847 1424 881 1486 in
906 1427 1037 1508 negoti0
1063 1426 1272 1490 convocandi
1298 1426 1431 1490 Concilii

319 1519 445 1582 sincero
471 1520 576 1601 egisse
606 1521 727 1585 animo.
775 1520 959 1585 Prudentia
991 1525 1106 1587 merito
1140 1545 1218 1587 usus
1250 1533 1308 1604 est,
1341 1545 1431 1609 quam

318 1618 345 1678 si
379 1615 557 1701 aliquando
589 1620 624 1681 in
656 1620 809 1682 timorem
841 1622 980 1684 nimium
1013 1620 1229 1706 degenerasse
1263 1625 1432 1702 censueris,

318 1713 463 1794 adverte,
500 1734 542 1777 ne
574 1715 663 1778 hune
697 1716 831 1801 quidem
858 1727 981 1782 metum
1005 1719 1047 1782 ab
1073 1739 1110 1783 eo
1134 1721 1349 1802 occultatum,
1382 1720 1432 1784 sed

319 1811 422 1874 dubia
446 1821 545 1897 atque
569 1815 704 1878 timores
727 1827 841 1899 aperte
864 1819 1033 1901 proposita
1056 1818 1165 1884 fuisse.
1216 1864 1221 1871 -

162 1925 247 1965 caurus
261 1927 296 1966 ιιι
410 1909 460 1974 16.
508 1909 653 1975 Paulus
676 1913 727 1975 III
753 1914 1001 1996 (lesa-1549)
1026 1927 1124 1980 antea
1146 1915 1341 1980 Alexander
1363 1916 1433 1979 Far·

195 1991 223 2030 R·
239 1992 265 2030 Ρ·
319 2010 430 2071 nesius
455 2007 553 2074 Card.
569 2010 630 2095 Ep.
657 2010 829 2094 Ostiensis,
854 2036 873 2076 a
898 2013 1067 2078 Clemente
1092 2017 1251 2079 moriente
1276 2033 1431 2078 commen·

319 2106 426 2186 datus,
459 2109 608 2172 unanimi
634 2109 862 2174 Cardinalium
896 2114 1051 2196 suffragio
1076 2116 1182 2198 primo
1207 2113 1261 2177 die
1286 2112 1431 2176 Comitio·

315 2225 400 2283 rum,
432 2205 491 2268 13⁰
515 2205 678 2288 Octobris,
710 2203 865 2272 Pontifex
896 2221 1025 2274 creatus
1055 2222 1111 2275 est.
1159 2211 1242 2275 Erat
1265 2212 1337 2296 ipse
1361 2219 1431 2272 tune

317 2306 490 2386 sexaginta
522 2316 555 2368 et
584 2324 642 2369 sex
673 2325 849 2388 annorum,
886 2317 985 2394 atque
1016 2308 1165 2393 fulgebat
1188 2311 1221 2372 in
1248 2331 1286 2372 eo
1311 2319 1431 2393 praeter

316 2403 423 2486 ipsam
448 2406 565 2467 aetatis
589 2413 621 2467 et
644 2405 822 2468 Parnasiae
846 2409 953 2489 gentis
977 2409 1243 2492 praerogativam
1269 2407 1431 2492 explorata

314 2521 425 2563 rerum
449 2502 669 2584 gerendarum
694 2502 881 2587 prudentia,
912 2504 1088 2568 diuturnus
1116 2503 1321 2590 reipublicae
1350 2525 1429 2583 usus,

315 2609 348 2663 et
379 2621 455 2663 cum
486 2603 670 2664 inveterata
701 2604 824 2667 virtute
855 2603 1033 2669 multarum
1071 2605 1255 2668 litterarum
1294 2603 1429 2686 cognitio

314 2697 556 2782 praecellens.²)
582 2735 622 2747 ψ
650 2702 728 2765 Mox
753 2707 800 2768 uti
825 2713 953 2766 creatus
978 2713 1026 2766 est
1051 2703 1215 2786 Pontifex,
1240 2703 1364 2766 Paulus
1386 2697 1429 2764 III

389 2923 409 2986 ¹)
428 2921 495 2975 Ibid.
516 2939 541 2976 n.
561 2925 586 2976 8.
617 2954 648 2962 -
677 2921 754 2976 Varii
774 2923 926 2991 scriptores
955 2925 1038 2978 etiam
1063 2920 1188 2977 catholici
1207 2924 1283 2990 iique
1302 2923 1428 2977 Ecclesiae

314 2999 499 3061 addictissimi,
532 3003 574 3056 uti
594 3002 626 3056 cl.
645 3003 762 3057 Janssen
791 3001 896 3069 (Gesch.
917 3003 941 3060 d.
961 3003 1108 3058 deutschen
1128 3003 1228 3057 Volkes
1255 3005 1380 3066 r.111.r,
1406 3009 1427 3054 et

313 3081 450 3136 Reumont
468 3082 574 3150 (Gesch.
594 3085 618 3138 d.
639 3084 718 3137 stadt
736 3085 805 3138 Rom
823 3085 853 3138 Τ.
867 3083 917 3138 ΙΙΙ.
937 3091 966 3138 et
978 3087 1038 3141 Art.
1059 3084 1180 3138 Clemens
1190 3081 1246 3137 VII
1265 3085 1361 3138 Kirch.
1378 3085 1426 3136 Lex.

283 3211 285 3215 .
314 3163 353 3215 ed.
376 3164 420 3226 2.),
449 3163 634 3218 vehementius
654 3161 775 3231 arguunt
795 3165 959 3218 Clementem
977 3165 1032 3218 VH
1060 3165 1092 3218 ob
1112 3165 1170 3232 ejus
1197 3172 1279 3233 gesta
1299 3161 1426 3219 Caroloi

314 3243 421 3298 infensa
440 3252 468 3298 et
487 3245 519 3298 ob
539 3245 606 3298 alias
626 3246 781 3300 tendentias
799 3247 932 3314 politicas.
952 3247 1092 3301 Virrdicias
1106 3247 1253 3300 Clementis
1264 3246 1319 3299 VII
1339 3245 1424 3312 passim

314 3325 375 3391 agit
394 3324 425 3381 cl.
439 3325 535 3390 Balan,
555 3323 658 3394 (Storia
676 3323 792 3391 d'Italia,
810 3327 841 3380 L.
861 3326 924 3380 XLI
944 3333 972 3380 et
991 3323 1090 3397 XLIL)
1111 3328 1156 3393 qui
1176 3332 1204 3381 et
1223 3325 1312 3380 aerius
1333 3323 1424 3379 invehit

313 3406 341 3459 in
361 3405 486 3460 Carolum
504 3408 529 3459 V
554 3406 586 3459 ob
606 3407 724 3460 animum
743 3423 838 3476 parum
857 3409 998 3474 sincerum,
1025 3414 1053 3462 et
1072 3408 1247 3461 ambitionem
1266 3420 1320 3472 qua
1339 3405 1425 3458 Italiac

312 3485 468 3540 libertatem
486 3487 595 3554 penitus
614 3493 737 3542 evertere
756 3488 878 3556 parabat.
916 3487 1024 3540 Pavent
1037 3487 1168 3542 Clementi
1181 3487 1236 3542 VII
1255 3486 1341 3540 etiam
1359 3483 1424 3538 varia

313 3568 472 3621 documenta
490 3585 576 3635 nuper
594 3569 654 3622 acl.
667 3569 755 3622 Balan
774 3568 849 3622 edita
865 3568 993 3638 (Menum.
1007 3567 1136 3638 reform).
1156 3561 1424 3633 QuaestIonemvaldc

312 3648 478 3715 implicatam
497 3649 649 3702 accuratius
667 3649 792 3704 hocloco
811 3649 966 3725 examinare
984 3649 1095 3717 longum
1115 3653 1192 3707 esset¹

386 3729 408 3799 2)
427 3729 487 3782 Non
506 3729 547 3782 est
566 3745 613 3783 eur
631 3745 772 3798 negemus,
800 3729 915 3782 Paulum
943 3744 1024 3794 quum
1049 3728 1143 3796 junior
1168 3735 1240 3781 esset
1259 3743 1290 3780 ac
1309 3725 1422 3780 nondum.

312 3809 355 3863 uti
365 3807 480 3874 videtur,
500 3809 529 3862 In
542 3809 625 3863 sacris
638 3807 782 3862 Ordinibus
801 3809 966 3863 constitutus
980 3809 1093 3862 vistutis
1112 3810 1252 3862 tramitem
1264 3823 1318 3860 non
1331 3817 1423 3869 semper

312 3888 388 3942 firmo
416 3888 482 3956 pede
509 3889 636 3943 tenuisse.
673 3889 858 3942 Recensentur
882 3885 939 3956 ejus
958 3888 1029 3942 filius
1049 3889 1209 3957 illegitimus
1228 3887 1328 3942 Petrus
1346 3884 1421 3939 Ludo·

311 3969 388 4022 ricus
407 3974 489 4036 atque
503 3969 663 4023 Constantia
680 3969 750 4037 fllia;
769 3969 818 4022 sub
832 3970 990 4022 Innocentio
1000 3969 1071 4022 VIII
1089 3976 1182 4023 autem
1195 3983 1277 4035 quum
1290 3964 1422 4033 aliquando

311 4049 344 4102 ob
364 4065 420 4102 rem
438 4048 599 4103 familiarem
618 4056 740 4104 amatre
759 4050 937 4114 dissensisset,
958 4050 1015 4116 ejus
1029 4056 1129 4116 rogatu
1147 4049 1176 4102 in
1190 4049 1324 4103 Hadriani
1337 4046 1421 4101 molen

311 4128 449 4196 conjectus
468 4135 510 4181 est
529 4145 579 4195 quo
595 4130 705 4197 juvenis
723 4130 803 4196 paulo
823 4129 973 4182 audacioris
986 4129 1099 4194 spiritus
1113 4129 1332 4195 reprimerentur.
1351 4125 1421 4179 Haud

311 4209 352 4263 ita
370 4208 455 4261 multo
474 4217 536 4276 post
556 4209 635 4262 Pauli
654 4209 781 4276 Margani
799 4208 942 4275 propnqui
961 4224 1048 4276 opera,
1068 4210 1131 4262 dum
1150 4223 1241 4262 omnes
1260 4206 1419 4276 supplicatio·

310 4288 389 4341 nibus
421 4287 538 4354 corporis
566 4287 668 4342 Christi
696 4289 849 4357 relIgiesius
877 4292 984 4352 vacant,
1017 4288 1126 4342 funibus
1155 4303 1187 4342 ex
1211 4287 1332 4356 praealta
1358 4284 1418 4339 turri
