3034 4894
425 513 464 566 De
483 511 570 565 initiis
589 511 900 580 pseudoreiormationis.
1019 578 1021 584 Ι
1194 514 1226 567 19

107 657 384 739 Wittembergam
411 666 562 738 cessaret,
588 657 653 718 imo
678 657 741 740 ipsi
766 655 894 719 incolae
909 647 1089 740 adoppida
1112 632 1236 719 vicina·

10 739 11 816 ]
107 754 146 817 ad
178 754 357 818 lucrandas
388 753 612 838 indulgentias
644 762 886 818 concurrerent.
934 747 1024 816 Hine
1054 751 1154 817 etiam
1179 775 1225 816 so·

104 851 306 916 lemnitatem
343 849 502 916 Omnium
543 851 740 916 Sanctorum
758 929 760 933 ¹
779 850 893 936 populi
933 863 1096 934 concursu
1135 849 1226 915 haud

105 950 266 1014 celebrem
289 950 369 1031 fore,
401 949 588 1035 praevideri
613 960 750 1035 poterat.
800 948 906 1028 Unde,
931 950 978 1012 uti
1003 943 1145 1030 videtur,
1179 951 1226 1012 in-

104 1048 302 1131 stigantibus
315 1046 369 1110 vel
383 1049 524 1111 consciis
541 1047 656 1111 saltem
673 1047 800 1128 amicis,
826 1048 859 1109 in
876 1046 1051 1131 pervigilia
1064 1045 1225 1112 Omnium

103 1143 300 1211 Sanctorum
324 1169 353 1212 a.
381 1146 464 1210 1517
498 1145 665 1227 Lutherus
697 1145 741 1208 ad
765 1143 881 1208 valvas
912 1143 1070 1212 ecclesiae
1101 1145 1226 1216 castelli

103 1242 413 1327 Wittembergensis
436 1243 545 1306 affixit
569 1243 611 1307 95
637 1243 745 1306 theses
770 1252 884 1306 contra
900 1241 1081 1326 Tetzelum,
1107 1244 1228 1329 quibus

10 1345 12 1402 i
103 1342 327 1426 indulgentias
351 1341 542 1426 impetebat.
583 1341 772 1422 Censorem,
797 1342 1016 1404 intentionem
1031 1342 1102 1427 ejus
1115 1342 1226 1424 fuisse,

10 1497 11 1522 ,
102 1452 137 1504 ut
153 1443 304 1505 turbaret
327 1461 462 1504 exosam
486 1441 550 1524 ipsi
575 1439 836 1525 publicationem
860 1437 1144 1522 indulgentiarum
1170 1463 1228 1526 per

10 1547 11 1582 ³
102 1540 357 1620 Dominicanos,
397 1548 429 1600 et
461 1539 718 1601 controversiam
758 1537 798 1600 de
832 1538 873 1600 iis
909 1538 1084 1618 excitaret3
1124 1560 1227 1624 quum

10 1683 11 1688 η
101 1637 272 1700 Ecclesiae
297 1635 482 1699 doctrinam
507 1658 566 1720 per
590 1634 810 1701 Scholasticos
842 1633 1049 1708 obscuratam
1081 1635 1228 1718 baberet,

10 1741 11 1744 ’
99 1758 243 1820 suasque
275 1734 450 1818 opiniones
483 1733 524 1796 de
551 1733 793 1819 justificatione
818 1734 866 1796 uti
892 1733 1076 1816 Evangelio
1102 1734 1230 1816 confor-

101 1855 178 1914 mes,
204 1834 288 1897 forte
313 1831 462 1895 nondum
486 1831 584 1916 plane
608 1830 840 1917 perspiciebat,
866 1853 900 1894 se
925 1831 1092 1894 doctrinas
1116 1829 1228 1894 llccle·

99 1933 167 1994 siae
192 1928 378 1994 catholicae
393 1931 541 2016 rejicere.
571 1929 788 2014 Specietenus
805 1931 840 1992 in
853 1928 1054 2015 quibusdam
1079 1928 1228 1994 thesibus

98 2031 329 2092 auctoritatem
348 2028 519 2092 Pontificis
535 2039 677 2108 veretur,
705 2028 782 2092 dum
808 2049 834 2093 e.
851 2048 882 2110 g.
908 2028 1031 2108 statuit,
1057 2028 1229 2113 episcopos

99 2127 223 2191 dobere
256 2148 331 2190 curn
363 2129 550 2190 reverentia
582 2125 757 2189 admittere
790 2126 1033 2190 commissarios
1057 2124 1228 2209 indulgen-

98 2226 220 2288 tiarum
246 2225 416 2300 Pontificis
441 2225 520 2305 (69),
553 2224 610 2286 sed
641 2222 818 2307 invigilare
843 2244 884 2286 ne
909 2244 966 2306 pro
997 2225 1228 2308 commissione

99 2323 272 2412 pontificia
296 2322 490 2406 praedicent
514 2322 642 2384 somnia
667 2344 725 2384 sua
751 2321 832 2408 (70).
873 2320 959 2403 „Qui
986 2330 1099 2384 contra
1123 2321 1228 2398 indul·

99 2423 229 2506 gentias
246 2419 418 2484 Pontificis
433 2419 587 2505 loquitur,
613 2419 791 2482 anathema
816 2421 857 2482 sit
882 2429 913 2483 et
936 2418 1132 2482 maledictus
1146 2421 1227 2506 (ll),

100 2519 297 2584 benedictus
328 2528 438 2581 autern
471 2519 527 2602 qui
559 2519 735 2601 impugnat
774 2517 992 2602 petulantiam
1026 2518 1228 2601 praedicato·

100 2620 193 2681 rum“
229 2617 308 2698 (72).
357 2615 422 2680 Sed
447 2615 529 2679 haec
554 2615 607 2678 vel
632 2615 747 2696 addita
772 2625 859 2697 sunt,
891 2625 927 2678 ut
955 2615 1066 2697 fucum
1093 2616 1227 2696 faciant,

102 2717 151 2780 vel
175 2737 278 2779 suasu
302 2717 485 2778 amicorum
509 2713 658 2794 Lutheri,
692 2735 733 2776 ne
765 2735 879 2777 omncs
902 2712 1086 2796 excederet
1117 2715 1227 2778 statim

100 2813 233 2878 limites.
283 2810 455 2876 Caeterum
491 2833 570 2874 vero
602 2811 711 2874 theses
743 2813 827 2892 istae
851 2812 922 2895 jam
946 2810 1101 2874 ‘ludibria
1124 2811 1228 2880 multa

104 2922 215 2976 contra
240 2909 437 2973 Pontificem
462 2909 651 2988 continent3
684 2907 918 2991 indulgentias,
951 2911 999 2972 uti
1024 2931 1043 2971 a
1067 2909 1227 2973 Pontifice

106 3008 277 3072 manifeste
302 3006 584 3091 proponebantur,
609 3006 774 3091 rejiciunt,
799 3008 866 3070 imo
883 3017 920 3069 ut
943 3007 1075 3070 inutiles
1100 3007 1171 3071 illas
1196 3018 1228 3071 et

101 3107 306 3191 perniciosas
329 3104 517 3168 traducunt.
565 3103 664 3166 Thasi
690 3104 726 3168 5²
750 3106 873 3186 statuit,
901 3105 1025 3190 Papam
1050 3128 1116 3169 non
1132 3128 1227 3191 posse

98 3206 268 3268 remittere
297 3201 378 3265 alias
410 3223 543 3286 poenas,
576 3203 638 3264 nisi
672 3224 753 3286 quas
784 3203 854 3286 ipse
879 3203 1072 3286 imposuerit
1094 3225 1154 3288 per
1178 3226 1228 3268 ca-

97 3324 204 3366 nones
240 3299 508 3384 poenitentiales;
549 3298 697 3384 adeoque
729 3299 954 3383 indulgentias
986 3303 1154 3385 restringit
1185 3303 1227 3366 ad

98 3400 330 3464 remissionem
355 3419 481 3482 poenae
506 3396 759 3478 ecclesiastieae,
784 3419 885 3483 quam
911 3408 946 3462 ut
970 3421 1058 3461 mere
1083 3398 1227 3484 discipli-

97 3519 216 3562 narem
241 3507 421 3580 utcumque
447 3516 521 3559 cum
547 3516 605 3558 suo
622 3496 662 3558 dc
674 3494 913 3580 justificatione
931 3517 1037 3560 errore
1053 3497 1227 3561 admittere

97 3605 240 3682 poterat.
286 3593 387 3657 Thasi
412 3615 489 3656 vero
515 3593 573 3656 85³
606 3594 743 3677 quaerit,
774 3592 1107 3677 quomodocanones
1132 3595 1226 3675 disci-

98 3696 247 3780 plinares
266 3692 397 3777 jamdiu
422 3690 536 3754 aboliti
561 3690 673 3754 adhuc
698 3693 840 3774 pecunia
863 3690 982 3754 redimi
1007 3693 1148 3776 possint;
1184 3714 1227 3755 ex

92 3813 165 3877 quo
182 3791 287 3871 vides,
313 3811 429 3853 revera
445 3814 464 3852 a
479 3787 626 3854 Lutlrero
652 3788 877 3874 indulgentias
901 3790 1000 3852 etiarn
1026 3790 1060 3853 in
1077 3792 1225 3854 restricto

97 3889 155 3953 illo
188 3910 287 3952 sensu
317 3899 354 3950 ut
386 3886 574 3950 illusionem
607 3885 788 3971 quamdam
820 3886 946 3952 haberi.
994 3886 1116 3950 Totum
1144 3909 1227 3972 opus

96 3985 336 4072 publicationis
361 3984 644 4068 indulgentiarum
668 3985 746 4048 satis
780 3993 892 4068 aperte
917 3994 953 4046 ut
977 3994 1106 4069 turpem
1132 4008 1227 4070 pecu·

98 4086 178 4148 niae
209 4093 381 4168 quaestum
414 4082 566 4164 traducit,
604 4104 642 4145 ac
675 4081 760 4144 thesi
786 4081 843 4145 86Β
868 4085 1005 4166 quaerit,
1042 4095 1105 4146 cur'
1124 4083 1225 4168 Papa,

98 4205 206 4268 quum
230 4203 308 4266 opes
333 4183 404 4266 ejus
430 4182 496 4244 sint
520 4179 780 4265 opulentissimis
798 4178 925 4243 Crassis
950 4183 1134 4264 crassiores,
1160 4203 1226 4245 non

98 4281 235 4344 <le‘suis
259 4281 410 4364 pecuniis
435 4281 550 4362 magis,
583 4301 681 4363 quam
715 4300 899 4363 pauperum
933 4277 1092 4358 fidelium,
1125 4289 1228 4342 struat

1084 4384 1120 4438 2*

1271 951 1355 989 Thasos

1263 1013 1365 1053 Lutherl.
