3034 4894
423 513 463 568 De
480 512 569 567 initiis
587 512 896 580 pseudoreformationis.
1186 514 1220 566 15

4 719 5 726 ,
97 656 250 720 subsidia
274 679 315 720 ex
340 656 397 721 illa
422 657 565 720 dioecesi
583 657 722 720 Romam
748 655 856 720 delata
880 667 997 737 essent,
1022 656 1220 742 reprehendi

95 757 223 840 nequit,
256 755 344 841 quod
378 777 454 840 pars
484 755 768 838 eleemosynarum
800 756 954 839 episcopo
978 777 1036 839 pro
1061 755 1221 820 dioecesis

95 852 352 917 necessitatibus
376 854 621 918 concederetur.
668 851 778 936 Elegit
794 851 951 916 Albertus
975 863 1011 914 ut
1035 855 1221 918 commissa·
1252 891 1253 895 =

4 977 6 1008 t
94 954 183 1015 rium
209 951 252 1015 ad
276 951 496 1035 publicandas
521 949 746 1033 indulgentias
768 950 933 1015 Joannem
958 949 1071 1014 Tetzel
1094 950 1221 1035 religio·

4 1099 20 1110 „
95 1072 173 1114 sumv
197 1049 333 1114 Ordinis
358 1073 382 1115 s.
408 1050 588 1130 Dominici,
621 1071 646 1112 s.
670 1047 853 1132 theologiae
878 1047 1142 1115 baccalaureum.
1189 1049 1392 1112 lsJ⁰·T0²²0¹¹¹⁸·

95 1157 168 1212 erat
192 1148 401 1232 praedicator
424 1148 564 1230 insignis
588 1169 627 1210 ac
652 1146 749 1210 valde
774 1145 951 1231 popularis,
981 1149 1037 1232 qui
1057 1148 1129 1233 jam
1153 1147 1221 1232 plu·

4 1323 6 1336 Ι
93 1249 162 1310 ries
187 1267 310 1329 magno
333 1267 410 1309 cum
432 1245 542 1308 fructu
566 1243 790 1327 indulgentias
808 1245 1075 1309 annuntiaverat.
1101 1245 1223 1329 Magna

4 1339 5 1375 ³
95 1366 177 1407 cum
201 1344 408 1408 solemnitate
431 1342 487 1406 hic
519 1344 554 1406 in
589 1342 782 1406 civitatibus
809 1341 996 1428 jubilaeum
1035 1343 1223 1427 aperiebat,

4 1483 5 1492 κ
94 1451 231 1528 praeter
254 1464 339 1504 eum¹
353 1452 465 1505 tamen
489 1440 601 1504 etalii
626 1439 909 1504 subcommissarii
934 1449 1036 1520 erant,
1070 1463 1110 1504 ac
1134 1464 1224 1526 prae·

96 1543 264 1606 dicatores
288 1541 373 1604 varii
398 1537 559 1623 multique
583 1539 786 1602 confessores
811 1548 921 1623 partes
945 1559 1022 1601 suas
1045 1537 1109 1602 hac
1134 1541 1167 1602 in
1190 1561 1226 1602 re

94 1637 279 1702 habebant.
329 1636 452 1701 Contra
483 1637 654 1700 Tetzelum
692 1639 870 1700 insurrexit
907 1636 1089 1717 Lutherus,
1128 1648 1226 1723 atque

96 1737 296 1823 plerumque
320 1737 486 1818 asseritur,
511 1745 624 1820 turpes
648 1734 690 1798 ab
707 1733 762 1798 illo
779 1734 903 1799 abusus
920 1735 1112 1798 commissos
1126 1736 1227 1800 fuisse

4 1873 5 1888 ι
95 1837 131 1898 in
152 1833 305 1918 jubilaeo
330 1832 567 1917 praedicando.
614 1833 753 1918 Triplex
782 1834 975 1918 praesertim
1007 1832 1110 1896 fertur
1133 1856 1227 1898 accu-

95 1935 203 1997 satio:
239 1933 274 1994 1⁰
299 1929 396 2010 Quod
432 1930 528 1994 modo
559 1930 656 2016 plane
687 1929 872 1994 mercantili
902 1930 1092 1993 vendiderit
1121 1931 1228 1994 indul-

94 2030 240 2115 gentias,
272 2050 451 2113 earumque
483 2030 552 2091 vim
586 2038 619 2092 et
650 2028 834 2092 efficaciam
869 2027 972 2091 veluti
1005 2028 1123 2092 venale
1148 2029 1229 2115 quid

98 2129 320 2193 constituerit.
374 2127 412 2190 20
452 2126 551 2206 Quod
591 2127 634 2190 ad
676 2127 907 2190 efficacitatcm
947 2125 1249 2211 indulgentiarum‘

102 2225 309 2291 efferendam
334 2225 525 2309 turpissimo
542 2224 639 2288 modo
656 2224 708 2294 vel
726 2226 831 2308 ipsam
845 2224 882 2289 B.
897 2223 1070 2308 Virginem
1087 2225 1228 2291 laeserit

98 2325 190 2388 Eum
215 2322 381 2402 videlicet,
413 2320 539 2403 volunt,
573 2323 713 2385 crimina
741 2323 877 2385 finxisse
901 2324 1047 2386 maxime
1071 2326 1228 2401 enormia,

100 2422 257 2486 indicans
280 2422 379 2484 etiam
404 2420 487 2484 haec
506 2422 576 2504 jam
601 2421 722 2483 remitti
749 2443 807 2505 per
831 2419 1065 2504 indulgentias,
1090 2423 1135 2484 ita
1159 2423 1230 2506 qui·

103 2522 181 2584 dem
207 2530 252 2601 ut,
278 2521 305 2582 si
332 2517 384 2582 vel
408 2521 513 2603 ipsam
538 2520 720 2603 Deiparam
745 2517 901 2581 violasset
925 2519 1009 2602 quis,
1041 2519 1125 2582 liber
1148 2518 1231 2582 foret

102 2643 121 2683 a
147 2617 246 2702 culpa
271 2626 304 2680 et
327 2638 443 2702 poena.
478 2617 515 2680 3⁰
539 2616 625 2680 Eum
652 2615 774 2680 ditasse
799 2638 833 2679 se
858 2617 967 2700 ipsum
991 2638 1033 2678 ex
1058 2617 1231 2701 indulgen·

106 2719 225 2780 tiarum
251 2715 412 2799 pecuniis.

193 2813 245 2879 16.
295 2811 361 2877 Sed
385 2811 512 2875 nullum
538 2820 586 2875 est
609 2810 751 2875 solidum
781 2819 1029 2896 argumentum,
1063 2833 1127 2897 quo
1160 2834 1231 2897 pro.

108 2912 200 2976 betur
223 2909 395 2974 Tetzclum
430 2912 539 2995 ipsum
573 2930 690 2974 revera
713 2911 748 2972 in
773 2908 985 2994 publicandis
1015 2909 1231 2994 indulgentiis

114 3011 192 3073 etin
219 3007 427 3072 sermonibus
451 3008 518 3070 suis
542 3006 705 3092 ejusmodi
729 3007 855 3071 abusus
872 3009 1092 3082 commisisse;
1118 3030 1232 3093 quam-

112 3109 153 3172 vis
186 3129 257 3170 non
296 3127 469 3190 negemus,
508 3105 587 3168 dum
620 3105 849 3190 indulgentiae
889 3105 1177 3199 promulgarentur
1213 3128 1233 3169 a

107 3204 308 3291 quibusdam
333 3203 500 3266 interdum
524 3203 819 3288 praedicatoribus,
845 3206 893 3266 uti
912 3205 945 3266 in
961 3202 1061 3266 rebus
1077 3202 1233 3266 humanis

105 3305 174 3367 fieri
212 3301 304 3381 solet,
345 3303 415 3365 vita
446 3301 593 3366 liberiori
629 3311 661 3364 et
696 3305 787 3366 inani
818 3302 963 3388 quadam
988 3301 1233 3366 sermocinandi

104 3403 233 3464 ratione
258 3401 450 3463 offensionis
475 3422 591 3463 causas
615 3399 710 3463 datas
738 3400 850 3465 fuisse.
897 3400 974 3465 Jam
1006 3421 1065 3484 per
1095 3421 1130 3463 se
1161 3422 1234 3485 sup-

105 3497 299 3584 ponendum
330 3507 388 3579 est,
427 3497 598 3562 ''Petnelum
632 3499 742 3560 virum
789 3508 856 3561 tam
894 3500 1112 3583 conspicuum
1149 3499 1235 3561 inter

106 3595 359 3677 Dominicanos,
390 3597 508 3660 aetatis
535 3596 607 3681 jam
641 3598 856 3680 provectioris
888 3598 1063 3680 sexaginta
1086 3596 1155 3659 fere
1179 3618 1236 3659 an-

107 3715 238 3776 norum,
272 3704 304 3756 et
328 3692 535 3779 eloquentiae
557 3693 656 3757 laude
681 3693 912 3772 clarissimum,
946 3695 992 3757 ita
1025 3703 1062 3756 ut
1085 3695 1235 3757 commis-

108 3793 187 3856 sarii
219 3791 384 3876 generalis
408 3814 529 3856 munus
553 3790 651 3855 valde
679 3791 791 3856 nobile
816 3794 850 3856 in
875 3794 938 3856 ista
968 3789 1233 3877 promulgatione

107 3889 390 3973 indulgentiarum
424 3891 454 3953 ei
486 3889 703 3973 delegaretur,
742 3891 820 3953 satis
852 3899 1020 3952 versatum
1060 3889 1161 3952 fuisse
1200 3890 1235 3952 in

107 3987 275 4070 theologia
299 3985 495 4051 scholastica
520 4009 559 4050 ac
582 3986 779 4070 prudentem
805 3988 838 4049 in
857 3987 954 4050 modo
979 3986 1110 4070 agendi,
1137 3996 1174 4049 ut
1197 4009 1236 4051 ea

109 4105 194 4168 quae
226 4085 288 4168 ipsi
318 4085 472 4168 imposita
504 4095 579 4148 sunt
610 4083 700 4147 haud
726 4086 935 4150 commiserit.
983 4083 1127 4148 Exstant
1157 4106 1235 4149 vero

112 4182 222 4266 quoad
252 4183 397 4267 primum
429 4183 651 4246 accusationis
683 4193 784 4266 caput
816 4182 910 4266 plura
943 4181 1151 4262 documenta,
1187 4183 1237 4246 uti

111 4301 139 4342 e.
154 4302 183 4364 g.
209 4278 378 4343 schemata
403 4301 590 4344 sermonum
616 4279 656 4342 de
681 4279 897 4363 indulgentiis
921 4278 963 4342 ab
988 4282 1059 4364 ipso
1081 4279 1236 4364 parochis
