3336 4908
549 479 590 534 De
609 481 681 534 Pace
703 477 886 532 Clementiae.
1225 474 1278 530 277

169 636 288 689 tantum
320 625 488 689 silentium
521 621 739 687 reverentiale
774 620 975 703 observetur,
1013 642 1121 705 neque
1160 639 1276 683 verum
1294 618 1438 720 ffivgssfflf

167 746 231 788 esse
247 724 387 805 videtur,
413 723 538 787 Romae
562 723 675 805 ignota
697 721 798 784 fuisse
812 719 898 784 Acta
922 719 978 783 illa
1001 718 1175 802 synodalia
1199 739 1276 804 qua·
1333 692 1364 732 α’
1422 708 1427 719 ’

167 831 233 885 tuor
254 824 493 906 episcoporum.

248 921 299 984 65.
347 918 459 1004 Atque
490 927 525 981 ut
558 919 701 1002 primum
734 917 775 980 de
807 916 871 980 hac
896 916 1011 981 ultima
1033 937 1069 978 re
1092 915 1297 1000 loquamur,v

166 1021 303 1082 maxime
337 1015 539 1082 attendenda
572 1024 648 1078 sunt
683 1036 766 1099 quae
805 1016 840 1078 in
880 1013 1125 1078 commentariis
1156 1012 1276 1076 Renati

165 1114 265 1200 Rapio
310 1117 544 1194 inveniuntur3
586 1135 605 1176 a
649 1111 863 1196 scriptoribus
905 1111 1061 1196 temporis
1104 1112 1276 1176 anterioris
1332 1196 1334 1200 Ι

162 1211 212 1275 illa
235 1212 475 1297 ignorabantur
499 1232 601 1296 quum
626 1210 696 1295 ejus
721 1211 951 1274 commentarii
975 1207 1094 1293 sepulti
1113 1208 1273 1293 jacerent.

115 1325 117 1400 ξ
161 1311 230 1393 Ipse
253 1319 366 1374 autem
397 1310 591 1395 praesertim
626 1308 689 1372 bac
713 1310 748 1372 in
772 1310 965 1393 quaestione
994 1309 1087 1371 testis
1111 1316 1160 1370 est
1184 1310 1273 1372 omni

115 1401 117 1482 ζ
160 1410 352 1492 exceptione
382 1409 497 1494 major,
536 1416 607 1470 tum
640 1408 719 1491 quia
751 1415 920 1492 comperta
953 1406 982 1468 ei
1015 1414 1109 1469 erant
1139 1426 1274 1489 quae'a

159 1504 291 1568 lesuitis
316 1504 445 1570 Galliae
479 1507 514 1569 in
538 1507 601 1568 ista
624 1526 734 1568 rerum
759 1505 947 1568 conditione
970 1503 1059 1567 facta
1082 1512 1169 1583 sunt,
1202 1513 1272 1568 turn

158 1604 230 1686 quia
261 1603 324 1667 sub
357 1603 553 1688 pontificatu
583 1600 763 1666 Clementis
786 1603 838 1666 IX
870 1601 994 1665 Romae
1017 1601 1090 1680 fuit,
1123 1601 1273 1686 adeoque

160 1702 236 1763 scire
260 1703 379 1786 potuit,
412 1702 492 1787 quid
516 1701 641 1764 Romae
671 1699 836 1763 dicoretur
859 1709 892 1763 et
914 1707 1074 1782 ageretur.
1083 1701 1107 1780 ¹)
1153 1699 1273 1764 Narrat

157 1799 251 1882 igitur
282 1802 364 1884 ipse,
394 1801 430 1865 P.
455 1799 570 1864 Annat
599 1800 686 1881 regis
710 1798 947 1862 confessarium
972 1807 1004 1861 et
1026 1795 1271 1862 Provincialem

157 1895 326 1962 Societatis
355 1901 390 1961 in
415 1897 538 1977 Gallia,
570 1919 590 1960 a
620 1898 843 1979 negotiatione
875 1905 999 1960 secreta
1030 1894 1271 1960 conciliationis

155 1997 284 2059 omnino
311 1995 483 2060 exclusum
507 1995 619 2060 fuisse.
668 1993 810 2074 Quando
835 2016 947 2058 mense
971 1992 1108 2058 Octobri
1132 2016 1161 2057 a.
1187 1995 1270 2060 1668

156 2113 216 2175 pax
240 2093 399 2157 conclusa
422 2093 592 2178 publicata
615 2101 664 2156 est
687 2101 719 2155 et
742 2091 952 2156 fraudulenta
976 2090 1178 2156 machinatio
1191 2093 1270 2157 Jan-

155 2194 349 2255 senistarum
381 2192 551 2277 apparuit,
581 2189 636 2254 hic
659 2192 803 2254 monitus
828 2199 877 2254 est
900 2199 936 2253 ut
960 2189 1098 2253 Romam
1130 2191 1193 2254 ista
1217 2190 1270 2254 do

153 2286 259 2364 ferret;
302 2283 360 2352 sed
389 2290 483 2352 initio
515 2287 620 2352 noluit
650 2311 685 2352 se
715 2289 913 2369 immiscere,
952 2287 1058 2351 donec
1086 2309 1129 2352 ex
1158 2287 1270 2376 aliqua

153 2391 244 2472 eopia
268 2387 431 2452 Actorum
456 2387 666 2472 synodalium
691 2388 753 2471 ipsi
777 2387 903 2473 perlata
927 2387 1094 2470 ingentem
1117 2385 1269 2458 fraudem

153 2488 297 2566 agnovit.
347 2484 455 2568 „C’est
477 2487 658 2570 pourquoi,
694 2483 808 2548 scribit
831 2483 957 2569 Rapin,
993 2492 1098 2566 ayant
1127 2483 1269 2570 quelque

153 2589 253 2667 temps
287 2584 387 2668 aprbs
416 2605 495 2666 recu
528 2603 591 2646 une
622 2584 716 2667 copie
741 2581 781 2645 de
806 2605 842 2646 ce
866 2581 1001 2645 fameux
1024 2582 1268 2666 proces-verbal

152 2678 206 2744 des
230 2690 349 2766 quatre
373 2683 517 2766 evaques
540 2703 601 2765 par
623 2702 669 2743 un
693 2679 944 2764 ecclesiastique
974 2679 1016 2743 de
1039 2679 1187 2744 Pamiers
1211 2682 1268 2766 qui

150 2781 237 2840 avait
261 2780 381 2842 assiste
405 2801 448 2841 au
472 2777 598 2862 synode
622 2779 665 2842 ob
690 2799 727 2840 oe
751 2777 993 2862 proces-verbal
1017 2777 1068 2840 fut
1085 2776 1211 2862 public,
1235 2788 1268 2842 et

150 2874 290 2961 quelque
306 2884 421 2959 temps
445 2877 540 2960 apres
562 2897 609 2939 un
633 2885 726 2939 autre
750 2875 791 2939 de
815 2874 900 2939 celui
916 2874 1061 2957 d’Aleth,
1087 2874 1167 2939 dont
1187 2876 1210 2941 il
1224 2899 1267 2942 ηθ

150 2975 255 3036 savait
288 2972 346 3036 des
377 2973 547 3038 nouvelles
578 2995 641 3059 que
669 2996 731 3059 par
761 2973 914 3054 our-dire,
946 2972 970 3036 il
999 2981 1071 3035 crut
1094 2973 1192 3058 aprbs
1219 2973 1266 3038 les

150 3072 241 3133 avoir
256 3093 330 3152 vus,
356 3072 454 3156 qu'en
480 3073 673 3135 conscience
697 3069 720 3134 il
744 3093 785 3134 ne
801 3073 940 3156 pouvait
961 3069 1035 3156 plus
1059 3093 1093 3134 se
1107 3073 1198 3138 taire.
1237 3073 1266 3136 Il

149 3176 218 3229 erut
251 3168 368 3232 devoir
390 3190 432 3232 θη
456 3170 651 3232 conscience
676 3190 717 3233 en
741 3168 822 3232 faire
846 3168 974 3233 donner
996 3170 1068 3232 avis
1097 3191 1141 3232 au
1164 3169 1264 3255 Papo.

149 3260 192 3327 (le
222 3265 304 3351 qu’il
333 3267 369 3330 fit
401 3289 443 3330 en
467 3276 636 3351 envoyant
658 3266 689 3330 la
714 3268 808 3352 copie
840 3267 897 3330 des
920 3266 1199 3352 proces-verbaux
1222 3291 1265 3334 au

149 3361 179 3424 P.
204 3363 318 3446 Fabri,
350 3363 458 3450 lequel
482 3363 528 3429 les
552 3366 613 3428 mit
636 3374 728 3428 entre
751 3365 798 3428 les
822 3367 928 3429 mains
959 3365 1003 3428 du
1029 3362 1185 3428 (lardinal
1209 3365 1264 3430 Al·

149 3455 246 3544 bissy,
272 3461 370 3546 quia
393 3465 500 3526 meme
524 3472 631 3546 temps
654 3461 701 3526 les
724 3472 819 3548 porta
842 3486 885 3526 au
907 3463 998 3548 Pape
1021 3485 1104 3526 avec
1127 3485 1193 3527 une
1217 3463 1276 3528 in-'

147 3555 321 3622 formation
344 3559 408 3624 fort
431 3560 540 3645 ample
564 3559 644 3646 qu'il
667 3560 713 3625 lui
738 3560 784 3642 fit,
816 3583 900 3646 pour
922 3560 969 3624 lui
992 3561 1075 3624 faire
1098 3563 1264 3626 entrevoir

147 3649 191 3716 les
214 3655 365 3720 terribles
389 3660 635 3743 consequences
658 3658 700 3722 de
723 3658 755 3722 la
778 3658 935 3723 conduite
956 3659 1035 3744 qu'il
1050 3661 1143 3723 avait
1165 3668 1263 3724 tenue

147 3770 187 3813 en
210 3761 296 3818 cette
320 3755 444 3838 affaire,
470 3759 512 3821 ou
536 3757 557 3821 il
582 3757 693 3820 s'etait
716 3757 1038 3822 malheureusement
1059 3758 1206 3841 engage3
1231 3768 1263 3822 et

148 3867 182 3910 ce
206 3848 364 3916 Cardinal
388 3853 514 3936 signala
538 3876 597 3919 son
620 3855 691 3918 zelo
715 3857 734 3918 a
759 3863 843 3919 cetto
867 3857 1031 3938 occasion,
1056 3856 1099 3918 oir
1124 3854 1147 3919 il
1170 3855 1263 3940 parla

148 3989 357 4004 Ἢ

217 4087 237 4153 ¹)
256 4087 335 4146 Mem.
355 4089 475 4145 Prelace.
512 4093 573 4146 Non
592 4092 685 4159 liquet,
705 4099 796 4149 utrum
806 4094 908 4149 Romae
926 4093 1012 4149 fuerit
1030 4110 1112 4161 quum
1130 4092 1197 4168 illud
1216 4111 1261 4149 ne·

147 4165 248 4230 gotium
273 4168 308 4222 ad
333 4168 413 4224 finem
436 4178 577 4240 sugerem
604 4174 650 4227 sed
673 4174 705 4228 ob
730 4176 908 4230 connexiones
933 4191 998 4242 ques
1017 4175 1119 4230 Romae
1143 4175 1260 4230 habebat

147 4249 216 4299 certe
234 4247 302 4302 seire
320 4254 429 4316 poterat
447 4267 479 4304 ea
498 4267 566 4318 quae
584 4253 618 4306 ad
637 4269 693 4308 rem
711 4260 844 4322 spectant.
