2964 4912
361 495 484 548 Eventus
503 493 687 548 Declarationi
705 493 818 562 6666611.
1097 495 1149 546 329

36 637 145 722 bonne,
171 638 288 703 voulut
311 660 456 723 prouver
484 660 547 723 que
571 637 682 702 l’arret
705 639 788 701 66616
810 638 877 719 nul,
903 649 970 701 tam
991 659 1033 701 ex
1056 646 1149 722 parte

33 739 195 817 materiae,
221 759 320 822 quam
345 759 387 799 ex
410 745 504 822 parte
527 737 663 802 formae.
705 737 750 801 M.
769 735 972 801 Chamillard
997 735 1026 798 le
1046 736 1149 820 jaune

35 834 77 896 dit
98 856 162 919 que
185 834 215 898 le
241 833 367 898 concile
391 833 432 896 de
450 832 637 897 Constance
661 833 776 898 n'etait
800 835 893 918 point
916 855 1004 915 6666,
1030 845 1061 896 66
1086 837 1264 940 666365ἒὲ681
1285 839 1318 876 in·

32 939 114 995 toute
147 954 183 996 sa
209 932 358 996 doctrine
392 933 507 994 n'e'tait
539 953 603 1017 que
627 930 802 1017 probable3
839 933 921 994 mais
953 931 985 994 16
1018 929 1150 1015 6166666

34 1028 83 1090 166
112 1029 266 1095 16666666
297 1031 415 1093 s’etant
447 1029 556 1092 116666
588 1039 700 1092 contre
732 1029 795 1108 lui,
832 1028 854 1092 il
885 1029 935 1092 fut
965 1027 1076 1112 oblige
1108 1027 1149 1092 de

32 1126 95 1189 dire
118 1127 200 1214 qu'il
223 1129 316 1192 avait
339 1130 391 1191 ete
406 1149 484 1210 recu
509 1129 683 1211 66666616.
701 1166 743 1174 —
759 1129 842 1193 MM.
858 1127 1001 1207 13666666,
1023 1125 1150 1208 faisant

32 1224 178 1289 semblent
202 1226 343 1289 d'ouvrir
366 1249 410 1289 uu
427 1225 540 1288 rouval
556 1227 634 1303 avis,
660 1225 801 1290 Lebloud
818 1224 1006 1311 profes-seur
1021 1223 1060 1286 de
1076 1222 1149 1287 Sor·

32 1321 132 1401 bonae,
156 1325 259 1387 Boust
275 1326 363 1387 66661
373 1324 569 1409 professcur,
594 1323 698 1388 Joa'scl
715 1333 744 1385 et
758 1322 908 1406 Blaoqer,
925 1321 964 1384 dc
977 1319 1148 1401 Sardeoua,

32 1420 150 1483 suivant
182 1420 277 1486 l'ava's
309 1423 352 1486 du
375 1423 406 1484 P
427 1421 574 1500 Nicolut',
611 1423 761 1485 sortirent
793 1422 831 1484 de
862 1419 931 1484 leur
948 1419 1044 1506 place
1077 1441 1150 1482 6666

25 1515 133 1599 fureur
164 1519 275 1583 disant
305 1519 384 1603 qu't‘l
406 1515 531 1605 fallac't‘
557 1542 702 1583 ccasurer
732 1518 766 1582 16
789 1520 951 1604 laureaque
980 1517 1019 1580 de
1043 1517 1090 1580 M.
1122 1517 1149 1580 16

32 1613 171 1679 substant
194 1616 234 1678 dc
250 1619 296 1681 M.
322 1618 351 1681 le
371 1640 546 1703 procureur
568 1617 727 1703 qenerul.“
775 1614 968 1681 Generatim
993 1637 1035 1678 ex
1052 1614 1148 1678 docu-

34 1715 142 1776 mentis
178 1736 218 1778 ea
243 1717 415 1778 occasione
450 1715 609 1778 confectis
642 1722 794 1799 apparet,
832 1714 990 1799 majorem
1022 1723 1150 1799 partem

33 1805 192 1875 Serbonae
230 1811 389 1876 doctrinis
413 1811 596 1877 Gallicanis
629 1812 818 1876 sanciendis
841 1834 906 1875 non
931 1812 1063 1878 favisse.
1110 1811 1150 1874 ln

35 1903 181 1993 Oatalogo
208 1910 272 1973 178
298 1910 469 1975 doctorum
494 1909 645 1974 confecto
672 1909 715 1973 ad
739 1907 885 1973 Oolberti
910 1931 1006 1973 usum
1031 1932 1051 1973 a
1074 1907 1149 1973 Gal·

33 1999 131 2069 licano
155 2005 212 2070 illo
238 2017 452 2072 recensentur
474 2007 518 2072 55
543 2018 578 2072 ut
602 2008 819 2088 antiromani,
850 2007 894 2070 34
917 2017 954 2070 66
977 2006 1088 2087 dubii,
1118 2015 1151 2070 et

33 2099 89 2163 alia
112 2104 224 2168 media
248 2128 324 2189 pars
348 2106 391 2170 89
416 2116 454 2169 ut
473 2106 597 2169 Rornae
620 2105 782 2169 faventes.
830 2104 942 2184 Quum
968 2125 1046 2168 vero
1066 2104 1150 2168 Reli-

33 2199 106 2278 61661
127 2203 161 2266 16
178 2225 218 2267 66
238 2201 395 2286 Catalogo
423 2225 489 2268 non
512 2205 761 2267 commemorati
784 2205 967 2287 generatim
983 2203 1149 2292 doctrinis

35 2293 181 2364 Romanis
205 2301 372 2379 faverent,
405 2303 484 2364 satis
508 2309 599 2385 patet
622 2299 683 2364 has
708 2322 745 2364 eo
769 2309 917 2384 tempore
941 2302 975 2364 in
1000 2299 1151 2365 Sorbona

35 2397 293 2480 praevaluisse.¹)

37 2555 239 2570 Ἢ.-

99 2662 119 2732 1)
138 2663 244 2732 Operae
262 2663 380 2730 pretinm
398 2668 441 2716 666
459 2668 568 2728 666666,
589 2663 718 2729 quomodo
737 2663 766 2716 in
785 2661 918 2730 catalogo
937 2663 1031 2728 citato,
1050 2663 1078 2716 in
1098 2679 1149 2730 quo

36 2739 63 2792 16
78 2743 191 2811 singulis
211 2743 365 2798 doctoribus
390 2743 485 2797 breves
504 2747 587 2798 notae
605 2741 754 2806 habentur,
779 2741 905 2795 Bossneti
931 2742 1034 2797 indoles
1053 2742 1150 2797 deacri-

37 2816 113 2880 batur.
151 2825 292 2891 „Bossuet
311 2823 397 2891 666616
416 2823 518 2887 616616,
538 2822 728 2889 complaisant,
748 2821 895 2875 cherchant
914 2825 930 2875 6
947 2821 1034 2890 616166
1053 2826 1070 2876 6
1089 2827 1150 2877 6666

36 2913 93 2954 ceux
110 2921 176 2960 avec
195 2905 242 2973 qui
260 2904 281 2957 il
300 2909 349 2968 666,
372 2909 400 2956 66
418 2909 536 2970 6666666
554 2903 626 2956 16666
644 2901 806 2956 sentimenta
826 2902 916 2967 quand
934 2902 954 2955 il
972 2903 1011 2956 les
1032 2904 1149 2969 6666616,

38 2991 150 3038 nerent
175 2973 255 3054 66166
273 2999 301 3037 66
326 2983 395 3036 16166
420 2983 466 3037 166
485 2981 609 3046 alienes,
640 2982 669 3035 61
694 2982 823 3036 66666166
849 2982 886 3036 166
905 2997 1024 3037 66666666
1043 2984 1109 3050 qu‘il
1134 3000 1150 3037 a

38 3061 123 3130 661666,
143 3066 211 3132 qu’il
229 3066 299 3119 croit
317 3065 392 3117 616666
405 3079 472 3130 6666
491 3063 558 3117 61166
570 3065 586 3116 6
600 3079 648 3117 666
664 3063 721 3129 buu
740 3079 774 3116 ne
787 3066 911 3129 6666666
922 3063 1007 3117 croire
1026 3079 1077 3129 que
1096 3063 1151 3118 ceci

38 3141 116 3202 puisse
140 3145 234 3201 durer:
264 3144 334 3198 ainsi
352 3160 381 3197 66
403 3147 519 3210 menage
544 3143 835 3197 extraordinairement
861 3150 888 3196 et
908 3142 1019 3197 charcha
1037 3144 1104 3197 1666
1123 3144 1150 3196 16

37 3216 138 3278 1666166
157 3227 273 3292 quelque
290 3224 384 3277 milieu
403 3226 419 3276 6
438 3223 552 3290 prendre
572 3229 600 3276 et
619 3224 734 3290 quelque
753 3223 856 3287 demur,
876 3223 995 3289 lorsqu’il
1014 3228 1085 3277 n’est
1102 3239 1151 3290 pas

38 3306 126 3368 contre,
146 3310 244 3374 66666
263 3305 290 3358 16
309 3304 330 3357 11
349 3309 391 3358 666
410 3317 484 3357 66666
500 3303 572 3356 66161
592 3319 642 3369 666
660 3304 959 3376 616616666666666666.
990 3303 1075 3357 Outre
1088 3301 1151 3369 qu’il

38 3381 102 3442 66616
124 3385 193 3439 latin
213 3389 366 3439 nettement
384 3390 413 3438 66
431 3383 649 3452 agreablement,
676 3400 692 3436 6
712 3385 796 3438 meme
815 3398 889 3436 66666
909 3384 942 3437 16
960 3383 1151 3437 connaissance

38 3456 120 3515 16666
139 3466 281 3530 mutieres,
307 3479 387 3532 parce
406 3463 473 3529 qu’il
492 3479 509 3515 6
527 3463 618 3516 666116
638 3469 723 3517 66666
741 3464 774 3517 16
792 3461 933 3517 s’adonner
951 3465 968 3515 6
986 3464 1013 3516 16
1031 3463 1151 3530 6661166-

38 3535 95 3604 6166,
113 3550 141 3596 66
159 3560 209 3612 666
227 3545 254 3596 16
272 3544 293 3597 11
311 3559 346 3596 66
364 3558 480 3609 manque
498 3559 546 3610 666
565 3543 598 3596 16
617 3546 727 3598 6666666
745 3544 812 3597 1666
830 3543 858 3596 16
874 3542 996 3599 1666166.
1033 3542 1152 3596 66666116

38 3629 84 3670 666(
101 3621 219 3679 16661666
244 3627 308 3678 666
333 3639 400 3677 ceux
425 3623 472 3689 qui
490 3623 530 3676 lui
547 3629 668 3690 6666666
690 3623 760 3678 faire
788 3639 819 3677 sa
837 3623 959 3687 fortune,
986 3623 1077 3690 616666
1104 3637 1152 3690 666

40 3695 129 3754 intersit
153 3719 204 3770 que
229 3720 278 3773 par
296 3703 470 3769 inclination;
500 3719 545 3756 car
563 3705 776 3758 naturallement
802 3704 976 3757 1166666666
1000 3703 1079 3764 libre,
1105 3701 1151 3766 fin,

39 3777 149 3849 uincor,
175 3790 203 3840 66
221 3801 250 3839 66
274 3782 467 3838 66666661666
492 3783 632 3838 an-dessus
659 3785 691 3837 16
718 3783 854 3849 beaucoup
879 3783 911 3836 de
937 3782 1035 3839 choses.
1072 3782 1151 3836 Ainsi

40 3852 146 3925 lorsqn’il
171 3881 251 3920 verra
275 3881 312 3918 un
331 3862 404 3931 66661
431 3863 606 3929 6616661616
626 3863 828 3927 6161666666,
854 3863 911 3930 ily
930 3863 1064 3928 1666666,
1090 3862 1151 3930 6661

42 3934 172 4009 ί61116616,
193 3950 222 3998 66
240 3945 260 3998 11
279 3960 297 4010 y
315 3959 415 4010 pourra
433 3943 520 3997 servir
538 3943 691 3999 utilement.
717 3943 897 4012 Ilgouverne
914 3943 1111 4011 paisiblement‚
1125 3942 1151 3997 16

41 4010 117 4101 dilen
129 4023 161 4076 de
173 4023 386 4088 SaintThomas,
397 4028 426 4078 et
438 4023 463 4076 le
476 4023 673 4078 Plessis-Geste
687 4029 715 4076 66
727 4022 887 4076 Thomassin
900 4022 926 4076 le
938 4024 1048 4077 suivent
1059 4024 1151 4077 volon-

43 4096 124 4152 nerse
148 4104 227 4171 Apud
237 4103 328 4168 Gerin,
342 4104 358 4157 l.
372 4118 394 4157 c.
408 4103 448 4156 ed.
463 4103 497 4157 Η.
508 4101 556 4159 oh.
571 4105 613 4160 ll.
627 4118 653 4169 6.
663 4101 724 4158 338.
735 4132 769 4141 -
780 4102 984 4156 Advertendum
997 4109 1088 4157 tamen
1101 4108 1150 4167 666,

43 4172 160 4237 ejusmodi
172 4184 365 4252 descriptiones
376 4183 539 4237 characteris
549 4183 670 4237 virorum
679 4181 853 4236 celebriorum
863 4197 895 4236 ac
903 4183 1019 4237 maxime
1029 4182 1151 4237 ecclesia·

44 4252 165 4329 uicorum,
172 4263 280 4320 nonnisi
289 4271 369 4319 cante
376 4270 405 4319 et
414 4280 471 4318 cum
483 4262 655 4318 restrictione
665 4263 800 4331 acceptari
807 4279 892 4332 posse.
908 4263 966 4317 Viri
974 4262 1113 4317 enimlaici
1121 4275 1153 4315 66
