3034 4894
285 502 303 552 8
410 498 551 582 XXXVlI.
571 499 611 552 De
630 498 717 553 initiis
735 515 767 552 ao
785 499 818 553 de
837 515 949 569 propag.
969 501 1281 567 pseudoreformatiouis

286 643 508 708 Maximiliani
522 641 734 727 Imperatoris
750 664 840 706 soror
854 642 1065 728 Cunigunda,
1090 645 1254 709 Bavariae
1276 645 1416 709 ducissa

285 764 325 804 ao
355 741 479 803 femina
507 741 573 825 pia,
608 762 678 804 rem
710 750 851 824 urgeret,
886 742 1136 805 Maximilianus
1172 744 1290 808 annuit
1319 743 1415 806 edito

286 840 420 904 decreto
449 861 476 903 a.
513 837 607 918 1510,
647 847 684 900 ut
714 838 960 922 Pipericornius
995 841 1132 904 nocivos
1160 862 1203 903 ex
1231 842 1415 924 synagogis

284 939 305 1004 J
309 937 490 1000 udaeorum
514 937 722 1020 conquireret
735 935 849 1019 libros,
875 936 915 1000 de
932 938 1048 1023 iisque,
1074 940 1121 1001 uti
1139 937 1259 1002 dehoc
1277 939 1412 1021 negotio

283 1037 476 1119 generatim,
508 1035 691 1096 sententiae
716 1033 983 1098 Universitatum
1009 1044 1041 1099 et
1064 1037 1211 1098 virorum
1236 1025 1413 1099 doctorur'n

283 1142 525 1219 expeterentur.
550 1130 625 1215 Ipso
639 1131 866 1216 Pipericornio
891 1142 1023 1217 petente
1040 1133 1217 1219 deputatus
1241 1143 1291 1197 est
1307 1135 1411 1197 etiam

283 1230 503 1310 Reuchlinus,
537 1227 743 1292 consiliarius
775 1229 869 1293 ducis
902 1231 1248 1314 Wt‘rrtembergensis,
1288 1241 1324 1293 ut
1356 1231 1414 1315 ju-

283 1331 408 1396 dicium
438 1328 502 1391 hac
533 1327 574 1391 de
604 1349 639 1390 re
671 1328 844 1392 emitteret.
901 1328 983 1392 Erat
1012 1327 1170 1393 videlicet
1204 1327 1414 1392 Reuohlinus

282 1429 367 1490 inter
412 1425 618 1488 humanistas
658 1422 871 1505 clarissimus,
918 1447 996 1510 prae
1043 1429 1181 1491 caeteris
1215 1429 1249 1490 in
1284 1425 1414 1508 linguis

281 1523 497 1588 orientalibus
521 1521 620 1584 valde
644 1531 804 1602 vorsatus,
829 1544 869 1585 ac
895 1523 935 1586 de
959 1523 1163 1588 Judaeorum
1190 1526 1412 1587 conversione

280 1632 313 1685 et
345 1623 415 1706 ipso
447 1619 614 1684 sollicitus.
663 1619 729 1682 Hic
754 1620 854 1702 igitur
876 1622 1074 1705 rescriptum
1099 1624 1163 1686 ista
1185 1625 1221 1686 in
1245 1643 1280 1685 re
1304 1621 1412 1704 dedit,

280 1742 344 1806 quo
368 1717 560 1804 reprobavit
583 1717 718 1780 modum
743 1718 865 1801 agendi
889 1718 1122 1803 Pipericornii,
1156 1719 1324 1804 librosque
1348 1719 1411 1782 Ju-

174 1818 229 1846 ³¹¹⁸²
280 1818 448 1898 daeorum,
474 1817 523 1879 uti
539 1814 752 1896 Talmudum,
778 1818 881 1879 tuitus
906 1826 963 1880 est.
1005 1817 1116 1896 Quum
1133 1840 1210 1882 vero
1235 1816 1411 1900 publicato

279 1915 333 1979 illo
373 1916 531 1998 rescripto
573 1911 752 1976 vehemens
792 1916 1018 1979 controversia
1065 1937 1140 1980 oum
1178 1914 1408 2001 Pipericornio

278 2016 427 2093 oriretur,
454 2013 553 2076 etiam
574 2012 648 2074 aliis
671 2009 765 2075 libris
788 2010 903 2096 lingua
927 2013 1107 2076 vernacula
1123 2014 1254 2097 scriptis
1271 2033 1409 2076 causam

277 2112 483 2177 Judaeorum
517 2108 674 2172 defendit.
722 2109 861 2193 Propter
890 2109 1054 2194 ejusmodi
1088 2109 1217 2175 libellos
1241 2112 1276 2174 in
1301 2109 1408 2193 suspi-

278 2213 408 2273 cionem
442 2229 588 2271 errorum
612 2207 786 2273 Judaismo
812 2207 1004 2271 'faventium
1035 2210 1125 2293 apud
1149 2208 1259 2294 plures
1287 2205 1412 2270 incidit

278 2306 501 2387 Reuclrlinus3
527 2306 630 2368 nimio
646 2306 729 2368 forte
754 2305 871 2369 ardore
896 2306 1044 2372 Jacobus
1068 2329 1134 2371 van
1161 2307 1407 2389 Hoogstraaten

278 2405 318 2472 Ο.
332 2405 365 2471 S.
380 2405 422 2468 D.
448 2413 480 2466 et
504 2403 685 2488 inquisitor
708 2401 866 2467 haeretici
891 2405 1067 2489 pravitatis
1092 2427 1226 2468 oausam
1243 2404 1277 2467 in
1293 2404 1406 2488 ipsum

276 2525 375 2587 agere
408 2502 530 2586 coepit,
570 2510 602 2564 et
632 2503 848 2586 praecipuum
885 2524 927 2564 ex
962 2501 1027 2567 illis
1061 2501 1182 2567 libellis
1217 2501 1406 2566 damnavit.

275 2600 392 2664 Plures
430 2599 691 2680 Universitates,
740 2598 866 2662 scilicet
902 2599 1146 2683 Erfurdiensis,
1194 2600 1407 2683 Moguntina,

276 2699 497 2762 Lovaniensis
530 2706 562 2760 et
585 2697 783 2761 Parisiensis
808 2698 931 2781 pariter
955 2691 1132 2762 Reuchlini
1162 2701 1285 2782 scripta
1314 2705 1406 2760 nota·

275 2807 370 2878 runt3
396 2794 454 2860 sed
468 2793 664 2858 Commissio
677 2794 853 2858 Pontificia
867 2794 984 2879 Spirae
1009 2799 1187 2860 constituta
1201 2817 1289 2860 anno
1306 2794 1405 2873 1514,

275 2896 309 2957 in
333 2894 611 2976 favorem'ipsius
645 2902 759 2956 contra
782 2893 948 2957 Jacobum
973 2915 1039 2956 van
1064 2894 1308 2979 Hoogstraaten
1334 2913 1406 2956 sen·
1514 2957 1515 2982 ,

274 2994 413 3054 tentiam
439 2989 553 3053 edidit.
602 2990 666 3053 Res
690 2990 829 3053 Romam
855 2988 963 3054 delata
987 2999 1046 3071 est,
1081 3014 1196 3055 verum
1229 2991 1331 3054 etiam
1356 2988 1404 3053 ibi

274 3112 303 3156 a.
331 3089 416 3153 1516
440 3090 475 3150 in
498 3087 648 3150 favorem
672 3086 849 3151 Reuchlini
875 3089 1001 3172 opinati
1026 3099 1104 3153 sunt
1121 3090 1264 3174 judices,
1290 3109 1405 3174 quam·
1513 3163 1514 3176 ,

274 3189 326 3250 vis
349 3188 417 3251 Leo
442 3186 486 3264 X,
511 3183 587 3248 dato
614 3185 769 3248 mandato
796 3185 837 3248 de
861 3185 1117 3271 supersedendo,
1143 3187 1324 3251 solemnem
1350 3185 1404 3249 de-

273 3284 439 3348 finitivam
464 3285 661 3347 sententiam
686 3305 752 3347 non
777 3283 927 3349 ediderit.

363 3390 392 3448 8.
441 3384 493 3446 Ex
524 3382 588 3444 hac
620 3383 855 3462 controversia,
890 3403 975 3466 quae
1008 3383 1042 3444 in
1074 3391 1144 3446 tota
1173 3384 1241 3447 fere
1264 3381 1403 3467 Europa
1512 3407 1513 3442 ;

272 3482 359 3545 inter
382 3482 528 3544 eruditos
561 3476 710 3560 ardebat,
750 3490 1060 3563 praetermagnam
1084 3482 1272 3544 animorum
1297 3480 1402 3542 irrita-

272 3579 396 3642 tionem
427 3577 492 3642 alia
526 3599 592 3640 non
625 3578 747 3661 exigua
787 3576 909 3640 damna
949 3587 1019 3642 orta
1057 3587 1143 3642 sunt.
1203 3578 1274 3640 Etsi
1312 3579 1402 3640 eninr

272 3675 474 3739 Reuchlinus
505 3678 576 3761 ipse
609 3675 828 3738 orthodoxam
861 3675 962 3738 fidem
998 3697 1064 3739 non
1095 3676 1290 3757 deseruerit,
1328 3675 1400 3760 ejus

270 3785 382 3837 tamen
406 3783 515 3858 partes
539 3774 646 3836 tenuit
668 3773 786 3836 fractio
810 3772 1076 3837 humanistarum
1100 3773 1241 3853 illorum,
1272 3774 1329 3858 qui
1354 3795 1401 3836 re-

270 3870 387 3954 ligioni
411 3881 533 3955 parum'
551 3871 678 3935 addicti
703 3870 757 3934 vel
779 3870 878 3956 plane
902 3871 1067 3935 increduli
1091 3881 1193 3937 erant.
1226 3872 1274 3934 Hi
1299 3873 1401 3954 igitur

269 3969 444 4032 occasione
482 3966 581 4051 hujus
619 3970 742 4052 negotii
778 3969 813 4032 in
848 3967 997 4050 Clerum,
1038 3968 1182 4034 Ordines
1215 3967 1396 4052 religiosos,

269 4065 471 4149 theologiam
507 4065 755 4148 scholasticam,
796 4068 947 4130 instituta
987 4066 1158 4132 Ecclesiae
1197 4066 1395 4130 debacchati

266 4173 355 4227 sunt.
403 4163 545 4247 Apicem
578 4162 681 4226 veluti
712 4166 824 4247 attigit
854 4165 1016 4248 ejusmodi
1051 4164 1140 4228 lucta
1171 4166 1206 4227 in
1238 4162 1396 4249 Epistolia

266 4261 468 4323 obscurorum
491 4260 629 4322 virorum
653 4261 696 4323 od
712 4262 895 4346 magistrum
914 4262 1077 4325 Ortuiaum
1096 4262 1246 4326 Gratiam
1260 4285 1290 4325 a.
1313 4262 1395 4325 1516
