3288 4900
411 413 523 466 conam
542 382 666 480 periodus
685 413 778 472 tertia.
1104 417 1154 469 rra

38 559 241 640 praecinente
266 566 343 619 sunt
359 556 478 638 editae,
503 567 660 642 tanquam
679 580 698 620 a
715 558 894 642 praecipuo
912 558 946 620 in
962 579 999 620 eo
1017 558 1153 640 Senatu,

36 655 84 716 cui
99 654 301 740 reliquorum
314 655 450 717 Patrum
475 653 595 718 chorus
612 653 842 739 respondebat.
874 655 913 718 In
929 655 992 719 illis
1009 658 1152 740 primum

38 774 141 835 preces
173 751 403 815 fundebantur
425 762 463 814 ut
485 751 625 815 felicitas
657 752 894 816 concederetur
921 753 979 817 Pio
1003 754 1062 835 IV,
1097 757 1153 840 qui

37 850 72 912 ab
101 849 219 914 eodem
253 849 457 933 Lotharingo
499 849 733 914 nominabatur
767 850 919 936 Pontt'fcac
957 863 1084 916 sauctae
1126 863 1156 915 ct

37 948 220 1012 aniversalis
235 948 407 1012 Ecclesiae.
456 948 617 1033 Adeoque
635 950 742 1012 visum
768 958 825 1027 est,
850 947 892 1011 ab
917 971 955 1012 eo
980 949 1026 1013 illi
1052 951 1153 1014 tribui

37 1049 297 1129 praerogativam
322 1069 421 1131 supra
445 1045 632 1110 Ecclesiam
658 1045 880 1109 universalem
906 1070 991 1132 quae
1015 1046 1057 1111 ab
1083 1049 1153 1132 ipso

36 1155 63 1204 et
83 1143 224 1208 aGallis
248 1144 356 1207 fuerat
380 1146 585 1229 impugnata.
611 1145 650 1207 ln
666 1143 732 1206 fine
747 1143 1024 1209 acclamationum
1041 1169 1155 1210 omnes

35 1241 124 1304 fidem
151 1252 185 1306 et
210 1240 456 1306 observantiam
481 1242 753 1306 Tridentinorum
786 1242 992 1306 decretorum
1017 1245 1154 1329 professi

39 1350 117 1421 sunt3
148 1343 352 1404 invocarunt
376 1339 544 1404 Christum
569 1339 782 1404 Sacerdotem
808 1363 1010 1425 supremum,
1043 1353 1074 1406 et
1108 1345 1154 1406 in·

38 1437 185 1502 violatam
212 1440 278 1502 Dei
302 1439 509 1504 Genitricem
540 1449 573 1502 et
603 1461 717 1503 omnes
742 1438 891 1520 Sanctos,
923 1441 1051 1502 cunctis
1075 1463 1153 1503 vero

38 1533 205 1600 haereticis
235 1537 392 1600 dixerunt
417 1536 615 1601 Anathema.
657 1574 698 1584 -
738 1537 817 1599 Post
845 1536 929 1600 haec
960 1538 1152 1601 mandatum

37 1632 90 1695 fuit
105 1657 124 1697 a
138 1636 278 1718 Legatis
295 1634 561 1719 praesidentibus
585 1634 645 1698 sub
670 1656 777 1719 poena
801 1637 1154 1699 excommunicationis

36 1732 182 1796 omnibus
207 1732 371 1814 Patribas,
397 1742 433 1794 ut
456 1742 634 1817 antequam
660 1731 868 1795 discederent
888 1755 905 1794 e
927 1734 1061 1796 civitate
1085 1733 1154 1796 Tri-

36 1828 164 1894 dentina
182 1829 432 1895 subscriberent
446 1853 547 1893 manu
563 1832 696 1915 propria
714 1830 855 1893 decretis
866 1828 1018 1911 Concilii,
1043 1841 1155 1893 autea

38 1947 88 2009 per
120 1929 296 2014 publicum
331 1931 587 1991 instrumentum
621 1926 885 2012 comprobarent.
940 1927 1006 2007 Qui
1041 1951 1154 1992 omncs

38 2023 147 2091 deinde
187 2027 457 2111 subscripserunt
495 2039 528 2090 et
565 2027 698 2090 fuerunt
722 2048 859 2090 numero
885 2025 959 2106 255,
1000 2026 1156 2090 videlicet

36 2121 144 2205 Legati
168 2128 202 2208 4,
237 2124 431 2188 Cardinales
456 2126 486 2206 2,
518 2124 733 2188 Patriarchae
758 2126 789 2202 3,
821 2123 1073 2210 Archiepiscopi
1099 2125 1151 2204 25,

39 2219 187 2310 Episcopi
223 2223 297 2302 168,
335 2222 485 2286 Abbates
518 2223 546 2303 l,
585 2223 819 2286 Procuratores
856 2221 1045 2286 absentium
1078 2245 1153 2286 cum

38 2317 175 2402 legitimo
202 2321 359 2385 mandato
384 2321 438 2402 39,
463 2320 643 2385 Generales
667 2319 833 2386 Ordinum
860 2322 888 2383 7.

119 2420 193 2489 142.
231 2419 286 2482 Ex
309 2427 376 2481 tota
400 2420 651 2482 Dissertationis
675 2421 758 2482 serie
777 2419 849 2503 jam
873 2420 952 2482 satis
977 2418 1150 2503 colligitur,
1169 2424 1315 2527 gbfflffi‘

39 2516 123 2580 unde.
140 2517 357 2582 difficultates
381 2519 596 2602 provenerint
623 2517 831 2602 multiplices,
865 2519 1009 2602 quaein
1034 2539 1152 2581 convo·
1202 2550 1287 2589 aarum,

41 2615 157 2679 catione
197 2625 230 2678 et
269 2615 490 2678 celebratione
531 2615 671 2679 Concilii
705 2615 894 2679 Tridentini
933 2616 1151 2682 obvenerunt.

40 2708 367 2796 Objectiones'etiam
393 2735 477 2798 quae
494 2736 513 2776 a
529 2713 792 2776 Protestantibus
816 2712 955 2798 aliisque
980 2716 1060 2776 viris
1084 2736 1155 2798 pro·

41 2807 115 2873 fanis
139 2822 256 2876 contra
273 2811 400 2896 Synodi
425 2811 530 2897 hujusv
549 2813 859 2875 oecumenicitatem
884 2834 924 2874 ac
948 2810 1154 2876 validitatem

42 2918 138 2972 notae
161 2912 305 2991 fuerunt,
332 2933 374 2972 ex
398 2908 496 2972 dietis
518 2908 603 2973 solvi
627 2908 725 2972 facile
751 2920 896 2993 possunt.
946 2908 1156 2994 Quapropter

42 3023 98 3067 non
127 3008 263 3071 videtur
292 3009 515 3071 necessarium
548 3006 589 3070 de
618 3006 672 3069 his
703 3007 808 3076 fusius
841 3007 1012 3071 disserere.
1067 3007 1155 3072 Utile

41 3108 139 3168 tamen
166 3107 239 3182 erit,
264 3106 410 3169 breviter
431 3126 689 3168 commemorare
706 3104 866 3190 quasdam
882 3103 1095 3190 objectiones,
1120 3114 1156 3169 ut

42 3207 259 3290 unusquisque
284 3226 368 3288 quae
391 3202 625 3287 respondenda
650 3205 715 3266 sint
738 3202 828 3287 apud
853 3224 887 3265 se
904 3203 1095 3288 perpendat.
1112 3241 1155 3248 —

42 3293 295 3366 Praetenderunt
325 3302 436 3384 igitur,
468 3323 529 3364 nec
553 3303 804 3364 convocationem
829 3299 954 3384 Synodi
987 3323 1046 3386 per
1073 3302 1155 3365 Pon·

41 3393 153 3461 tificem
193 3399 295 3462 fuisse
334 3397 528 3482 legitimam,
567 3419 675 3482 neque
712 3395 899 3461 Concilium
939 3389 1038 3461 fuisse
1078 3420 1155 3462 vere

44 3499 257 3560 oecumenicum
295 3496 337 3559 ob
371 3497 529 3578 exiguum
562 3497 792 3580 episcoporum
824 3517 1009 3577 numerum,
1050 3519 1156 3582 neque

41 3595 282 3666 praesidentiam
304 3615 380 3656 cum
395 3594 629 3678 jurisdictione
654 3605 686 3656 et
710 3595 905 3657 auctoritate
921 3595 1056 3678 Legatis
1073 3594 1155 3657 Pon·

44 3684 130 3752 tificis
148 3692 224 3776 jure
249 3693 454 3755 convenisse.
503 3688 568 3754 Sed
593 3693 656 3754 ista
681 3714 723 3754 ex
747 3693 921 3778 principiis
945 3692 1156 3775 generalibus

47 3779 81 3843 <le
109 3786 265 3853 Conciliis
302 3788 459 3853 facillime
494 3789 674 3854 diluuntur.
715 3828 756 3834 —
796 3788 919 3854 Contra
954 3790 1156 3854 directionem

48 3875 174 3951 Concilii
198 3886 281 3950 haec
306 3890 457 3971 opposita
481 3888 632 3951 fuerunt:
668 3888 704 3949 1⁰
728 3887 900 3951 Praesides
925 3887 1065 3952 Concilii
1098 3912 1157 3974 per

48 3975 201 4048 decretum
226 3985 290 4048 sibi
315 3985 391 4048 solis
408 3985 631 4049 attribuerunt
645 3986 702 4069 jus
717 3986 922 4070 proponendi
947 3989 1156 4071 quaestiones
1180 4007 1181 4014 ¹

50 4070 182 4147 Concilio
222 4083 479 4167 submittendas,
518 4105 698 4168 eorumque
738 4085 925 4167 praesentia
964 4085 998 4146 in
1037 4086 1156 4168 quavis

46 4179 177 4247 sessione
209 4182 499 4246 commemoranda
531 4191 609 4246 erat.
642 4219 685 4242 -,-
718 4182 755 4244 20
785 4181 855 4266 Ipsi
887 4203 962 4244 curn
994 4181 1155 4244 Pontifice

998 4286 1046 4340 12*
