3336 4908
517 454 573 510 ’260
922 454 979 513 XL.
1010 455 1051 509 De
1068 455 1246 516 Jansenismo,

520 595 642 685 (Sens),
675 599 912 683 poenitentiam
945 598 1117 684 publicam
1152 602 1187 662 in
1216 621 1276 662 sua
1306 600 1465 684 parochia
1496 602 1617 664 instituit
1653 628 1654 632 ¹

519 695 664 782 indeque
681 696 792 761 multis
806 695 963 761 laudibus
979 696 1021 761 ab
1037 696 1185 761 Arnaldo
1210 697 1347 783 ejusque
1372 700 1471 763 sociis
1494 709 1617 779 erectus,

518 794 642 858 famam
667 794 846 879 quamdam
870 791 1058 881 acquisivit.
1105 797 1138 858 Is
1161 817 1190 859 a.
1210 795 1296 860 1645
1320 806 1489 880 promotus
1511 797 1569 860 fuit
1587 797 1619 860 ad

518 891 711 977 parochiam
735 893 954 956 Parisiensem
979 892 1208 976 Saint-Merry,
1233 902 1266 955 et
1288 893 1537 958 Jansenismum
1559 895 1620 957 dein

519 990 660 1052 Parisiis
683 992 830 1053 maxime
853 992 1060 1076 propagavit.
1093 991 1145 1054 Ita
1169 1012 1233 1076 quo
1257 1000 1405 1075 tempore
1430 1001 1573 1055 mortuus
1585 1003 1622 1053 est
1653 1017 1654 1076 j

519 1086 699 1170 Vergerius
722 1088 822 1152 factio
847 1089 918 1174 ejus
937 1089 1098 1153 audacius
1121 1091 1157 1153 in
1180 1087 1348 1173 publicam
1374 1087 1483 1152 lucem
1508 1089 1620 1174 prodiit,

520 1193 552 1247 et
571 1185 641 1270 jam
667 1187 822 1272 apparuit
845 1189 925 1250 satis
944 1186 1166 1269 formidanda,
1192 1208 1229 1249 eo
1248 1185 1301 1250 vel
1317 1188 1424 1269 magis
1439 1187 1528 1272 quod
1545 1187 1620 1250 multi

520 1284 549 1345 ei
574 1282 722 1347 favorem
747 1285 994 1369 impertirentur
1018 1287 1074 1371 qui
1088 1306 1260 1370 perversas
1275 1284 1465 1349 tendentias
1481 1287 1621 1349 nonsatis

519 1389 708 1465 perspectas
739 1380 917 1446 habebant.
970 1382 1075 1448 Simul
1111 1384 1211 1446 etiam
1252 1381 1430 1446 aemulatio
1478 1383 1620 1473 quaedam

518 1477 629 1564 plures
653 1501 696 1543 ex
712 1477 896 1545 Ordinibus
919 1480 1081 1565 religiosis
1097 1491 1129 1544 et
1144 1503 1186 1543 ex
1199 1479 1284 1543 clero
1299 1480 1460 1544 saeculari
1474 1480 1623 1544 excitabat

519 1577 554 1639 in
570 1575 767 1640 Societatem
785 1578 875 1659 Jesu,
900 1580 946 1642 ita
970 1588 1007 1642 ut
1029 1579 1165 1643 factioni
1190 1577 1269 1641 huic
1289 1578 1447 1643 Societati
1471 1581 1623 1665 oppositae

519 1674 617 1738 facile
641 1691 758 1739 manus
781 1676 987 1760 praeberent.

1050 1948 1099 2010 11

587 2067 651 2130 De
674 2069 1016 2135 omsuonmuuoae
1038 2071 1221 2149 uotaque
1240 2070 1573 2149 preparatorium

671 2177 873 2241 Jamenu
895 2193 944 2241 ac
967 2176 1017 2240 ue
1038 2193 1169 2256 „pace
1193 2175 1493 2241 momentanea

611 2350 663 2417 38.
695 2350 792 2415 Anno
820 2351 905 2415 1649
931 2351 985 2415 die
1002 2353 1037 2415 1ο
1053 2352 1146 2416 Junii
1164 2351 1321 2417 Nicolaus
1338 2349 1462 2415 Cornet
1486 2351 1620 2436 syndicus
1654 2365 1655 2405 l

522 2471 634 2512 sacrae
661 2449 844 2513 Facultatis
867 2448 1072 2532 theologicae
1097 2449 1333 2514 Universitatis
1348 2449 1545 2513 Parisiensis
1566 2468 1618 2533 qus
1652 2437 1655 2452 ¹

520 2548 697 2611 rimoniam
722 2549 866 2611 instituit
880 2548 1040 2612 adversus
1055 2547 1214 2634 quosdam
1232 2547 1480 2632 baccalaureus,
1505 2547 1619 2634 quisuis

521 2643 670 2708 thesibus
703 2644 757 2708 vel
791 2646 975 2709 defensioni
1009 2645 1090 2709 orali
1129 2644 1370 2709 interserebant
1400 2645 1566 2709 doctrinas
1594 2663 1619 2704 er

520 2742 697 2827 Auprsatiao
721 2743 873 2807 Jansenii
905 2743 1049 2824 haustas,
1086 2753 1118 2806 et
1148 2765 1307 2827 magnum
1339 2743 1524 2828 perieulum
1554 2738 1619 2828 quod

521 2841 718 2905 imminebat
741 2842 894 2906 ostendit.
942 2840 1137 2923 Postulavit,
1171 2851 1208 2905 ut
1235 2862 1376 2904 examen
1400 2841 1496 2904 fieret
1518 2852 1548 2904 et
1569 2860 1620 2902 een·

521 2961 598 3003 sura
621 2938 761 3004 ferretur
784 2941 825 3003 de
849 2949 974 3024 septem
999 2939 1279 3025 propositionibus
1308 2938 1351 3003 ab
1384 2941 1455 3025 ipse
1481 2937 1619 3003 Facultati

522 3036 653 3117 delatis,
692 3060 777 3122 quae
817 3037 985 3101 doctrinas
1022 3037 1094 3102 illas
1131 3058 1304 3121 perversas
1337 3035 1414 3100 libri
1451 3037 1620 3123 Augustinus

522 3136 837 3221 complectebantur.
884 3135 1015 3199 Annuit
1045 3134 1180 3219 quidem
1212 3131 1369 3197 Facultas
1404 3142 1437 3198 et
1473 3135 1619 3219 deputatos
1651 3173 1653 3192 t

522 3234 565 3298 ad
589 3256 730 3298 examen
761 3233 1002 3297 instituendum
1026 3233 1229 3306 nominavit;
1260 3231 1318 3294 sed
1341 3230 1620 3296 machinationibus

523 3335 591 3397 suis
614 3333 713 3396 factio
731 3333 937 3396 lanseniana
960 3331 1080 3412 effecit,
1106 3340 1142 3393 ut
1165 3331 1376 3414 septuaginta
1399 3329 1550 3393 doctores
1570 3346 1618 3411 pro·

522 3439 682 3493 vocarent
711 3430 752 3493 ad
778 3439 939 3509 senatum,
972 3436 1005 3492 et
1033 3427 1317 3491 senatusconsulto
1350 3427 1405 3490 die
1429 3427 1469 3492 5⁰
1494 3423 1619 3494 Octobris

524 3540 657 3592 cautum
682 3535 740 3609 est,
773 3549 814 3590 ne
840 3549 980 3594 examen
1005 3525 1168 3612 ejusmodi
1194 3525 1294 3588 lieret.
1342 3524 1408 3589 Sed
1433 3547 1534 3610 quum
1563 3541 1618 3589 sant
1650 3597 1652 3617 ,

523 3627 674 3694 doctrina
714 3627 819 3710 magis
850 3627 1021 3711 magisque
1060 3622 1239 3709 periclitari
1272 3622 1452 3703 videretur,
1492 3623 1619 3707 occupatu

523 3727 657 3811 quiaque
688 3726 830 3810 episcopi
853 3721 982 3790 Galliae
1016 3744 1046 3785 a.
1080 3720 1166 3786 1660
1205 3719 1474 3804 subscripserunt
1511 3713 1617 3784 solenni

524 3822 692 3908 epistolae,
717 3844 816 3906 quam
842 3823 936 3884 Isaac
953 3819 1081 3883 Habent
1105 3821 1280 3906 episcopus
1296 3817 1512 3882 Vabricensis
1534 3832 1616 3880 exara·

525 3931 627 4002 verat,
654 3920 889 3984 denuntiantes
904 3917 1059 3982 Pontifici
1084 3918 1231 4002 quinque
1248 3916 1391 3979 famosas
1406 3915 1427 3981 J
1431 3917 1553 3980 ansenii
1568 3928 1616 3999 pro·

526 4020 714 4105 positiones.
767 4018 851 4082 Rem
886 4018 1032 4085 maxime
1068 4026 1306 4100 promoverunt
1339 4013 1377 4081 P.
1406 4015 1511 4082 Dinet
1542 4005 1615 4078 S.J··
1651 4101 1652 4104 Ἴ

525 4118 619 4203 cujus
642 4116 744 4184 frater
766 4115 960 4183 Ludovicus
984 4115 1159 4199 episcopus
1182 4114 1391 4180 Matisceusis
1407 4109 1549 4194 (Macen)
1568 4111 1615 4170 erat
1651 4105 1652 4108 ’

525 4218 611 4279 inter
635 4213 804 4298 praesides
828 4215 1047 4294 comitiorum,
1073 4233 1157 4296 quae
1169 4234 1188 4274 a
1200 4210 1285 4274 clero
1297 4231 1410 4273 mense
1420 4210 1507 4272 Maio
1518 4230 1543 4271 a.
1554 4196 1614 4267 1650
