2964 4912
365 457 405 512 De
424 456 611 512 Gallicannmi
629 455 823 514 efformatione.
1103 457 1158 512 315

47 621 104 662 non
126 610 314 686 suspectus:
347 601 540 685 pragmatici
567 598 733 664 Gallicani
757 625 777 664 c
799 601 878 685 fidei
901 600 1025 686 qnidam
1048 599 1156 684 ‹imini-

47 698 171 761 tionibus
206 698 390 784 principum
421 699 612 782 ccpnitionos
644 699 838 781 submonent,
873 699 929 764 ced
966 699 1157 784 disciplinae

45 819 140 858 caram
156 795 530 882 propemodum-omnem
554 797 598 860 ad
621 801 689 884 ejus
703 798 871 882 imperinm
889 794 1078 879 1111111111)
1116 794 1157 858 In

45 894 141 975 capite
174 903 285 956 autem
310 892 499 959 Sanctionis
533 894 743 960 habebantur
775 895 902 958 famosa
935 893 992 958 illa
1025 894 1157 958 decreta

45 985 311 1070 Constantiensia,
336 1013 356 1054 a
370 991 618 1056 Basileensibus
642 1002 782 1076 arrepta,
807 1013 892 1077 quae
908 991 1057 1056 Romano
1074 992 1156 1054 Pon-

42 1086 113 1149 tifici
147 1097 241 1152 erant
265 1090 345 1154 satis
369 1089 508 1155 infensa.
544 1127 587 1138 -
620 1089 674 1154 Ad
699 1088 912 1154 Sanctionem
940 1092 1037 1153 istam
1062 1110 1158 1174 prag-

43 1187 188 1249 maticam
221 1187 354 1271 penitus
387 1186 612 1272 abrogandam
647 1211 667 1252 a
690 1187 910 1251 Pontificibus
933 1186 1055 1251 adduci
1090 1207 1157 1249 non

41 1292 211 1366 potuerunt
233 1307 326 1368 reges
350 1282 495 1366 Galliae,
521 1285 627 1350 donec
650 1286 851 1350 Franciscus
874 1285 891 1348 Ι
915 1308 943 1350 a.
972 1284 1056 1348 1516
1081 1305 1157 1347 cum

12 1403 14 1470 5
41 1379 193 1446 LeoneX
217 1403 343 1446 novum
368 1383 510 1447 confecit
531 1381 787 1448 Concordatum.
825 1382 956 1446 Interea
980 1404 1058 1446 vero
1083 1403 1157 1446 con·

42 1479 146 1542 tinuae
178 1479 391 1544 difficultates
425 1479 559 1544 obortae
593 1490 687 1544 erant
723 1482 809 1544 inter
840 1478 968 1544 Galliae
1001 1501 1093 1563 reges
1125 1488 1158 1541 et

42 1575 226 1658 Pontifices,
261 1579 320 1662 qui
349 1577 562 1644 Sanctionem
596 1577 697 1642 illam·
720 1599 850 1663 semper
882 1587 928 1642 ut*
950 1577 1157 1661 illegitimam

41 1674 233 1758 rejecerunt3
270 1697 310 1738 ac
342 1677 528 1740 necessario
561 1676 640 1740 inde
673 1678 706 1739 ln
731 1674 844 1740 Gallia
876 1675 1023 1740 theoriae
1054 1674 1158 1738 falsae

42 1769 75 1834 de
96 1774 224 1836 ratione
255 1795 294 1836 ac
318 1772 527 1858 plenitudine
550 1775 756 1838 auctoritatis
780 1772 1022 1838 ecclesiasticae
1052 1774 1158 1856 magis

42 1870 255 1934 invaluerunt.
303 1871 451 1935 Maxime
482 1873 594 1935 curiae
618 1894 676 1935 seu
699 1871 911 1936 Parlamenta
941 1869 1032 1934 illam
1056 1869 1157 1936 Sanc·

40 1967 153 2032 tionem
190 1967 429 2049 vindicabant,
465 1980 563 2054 atque
598 1971 633 2033 in
666 1971 707 2032 iis
740 1968 960 2033 haereditaria
994 1969 1157 2052 oppositio

41 2075 145 2128 contra
169 2065 291 2130 Sedem
316 2067 543 2150 Apostolicam
568 2069 602 2130 in
627 2067 902 2131 consuetudinem
926 2089 1023 2130 versa
1047 2075 1104 2131 est.

118 2163 149 2228 6.
189 2163 254 2226 Ρ11
278 2163 524 2228 Concordatum
545 2166 625 2229 anni
644 2165 729 2230 1516
753 2187 805 2228 res
820 2164 1062 2230 ecclesiasticae
1086 2163 1155 2248 qui·
1183 2161 1306 2263 {gjffi

41 2259 105 2324 dem
128 2259 280 2345 legitima
303 2264 430 2326 ratione
453 2263 625 2326 ordinatae
648 2272 735 2327 sunt.
782 2263 938 2327 Pontifex
952 2272 1072 2341 autern,
1098 2261 1156 2346 qui
1197 2291 1293 2326 sexam.

40 2359 116 2440 regis
146 2358 274 2422 auxilio
308 2359 481 2443 indigebat
513 2369 549 2423 ut
578 2359 712 2424 Sanctio
744 2359 800 2424 illa
831 2383 931 2425 exosa
962 2370 995 2422 et
1018 2359 1049 2424 S.
1077 2358 1156 2423 Sedi

40 2455 191 2539 injuriosa
224 2455 427 2538 aboleretur,
461 2459 530 2542 regi
555 2459 734 2539 concessit,
768 2467 805 2521 ut
828 2460 898 2544 lpse
922 2459 1094 2542 episcopos
1125 2465 1158 2520 et

41 2551 168 2618 abbates
200 2577 221 2619 a
244 2577 269 2619 s.
295 2554 381 2620 Sede
405 2556 625 2620 instituendos
650 2555 854 2639 designarem
886 2556 920 2619 id
949 2577 1026 2618 vero
1048 2556 1158 2618 minus

41 2661 160 2730 gratum
187 2661 258 2716 erat
282 2652 384 2736 clero,
422 2676 525 2739 quum
549 2654 612 2718 hac
634 2655 763 2718 ratione
787 2653 933 2740 capitula
962 2653 1156 2716 electionem

37 2747 96 2830 jam
121 2773 278 2816 exercere
302 2750 444 2836 amplius
467 2773 534 2815 non
558 2762 701 2837 possent.
726 2789 770 2799 -
802 2753 943 2816 Animus
967 2749 1157 2835 praesulum

42 2845 162 2914 Galliae
194 2851 230 2913 in
254 2849 395 2913 Romani
421 2849 591 2914 Pontificis
615 2851 846 2915 auctoritatem
880 2852 989 2914 minus
1019 2841 1157 2933 propen-

41 2965 103 3027 sus,
136 2949 239 3011 etiam
264 2948 298 3010 in
323 2945 471 3011 Concilio
496 2947 691 3012 Tridentino
724 2970 758 3012 se
783 2949 1017 3013 manifestavit.
1065 2947 1157 3012 Vidi-

42 3062 122 3126 mus,
146 3044 336 3108 tendentias
361 3067 475 3109 eorum
498 3069 518 3108 a
542 3044 748 3110 Pallavicino
773 3044 837 3109 illis
860 3045 973 3109 verbis
996 3044 1155 3108 describi:

44 3139 141 3219 ,Galli
167 3141 337 3228 praesules
370 3146 426 3228 qui
459 3146 569 3208 minus
602 3144 643 3207 de
671 3144 907 3229 jurisdictione
934 3142 1158 3207 ecclesiastica

41 3240 267 3320 possidebant,
292 3263 350 3325 pro
375 3242 615 3306 consuetudine
641 3240 729 3305 illius
752 3244 845 3325 regni
869 3243 994 3325 regiam
1019 3248 1157 3324 potesta·

41 3344 98 3398 tem
122 3337 376 3423 amplificantis,
410 3340 520 3404 minus
544 3341 643 3404 ctiam
676 3339 789 3426 (quam
814 3340 970 3424 Hispani)
995 3358 1066 3400 eam
1092 3334 1156 3400 sibi

42 3432 237 3500 subtractam
269 3459 289 3500 a
312 3437 470 3501 Romanis
493 3436 717 3502 tribunalibus
746 3436 949 3514 sentiebant,
980 3437 1157 3519 minusque

42 3533 321 3618 conquerebantur
350 3536 439 3621 quod
467 3558 615 3621 purpura
638 3535 893 3616 (Cardinalium)
925 3535 1029 3597 tiarae
1059 3532 1156 3618 (epis-

42 3633 203 3714 coporum)
239 3632 392 3698 umbram
423 3633 619 3698 affunderet.
666 3631 731 3697 Sed
763 3634 832 3696 fere
863 3653 975 3698 omnes
1006 3632 1156 3694 animum

42 3728 274 3793 convertebant
303 3730 347 3794 ad
370 3731 607 3795 moderandam
633 3731 803 3794 Pontificis
837 3727 1081 3806 monarchiam,
1114 3749 1157 3790 ex

42 3828 198 3890 sententia
227 3830 369 3892 recentis
397 3837 580 3893 conventus
603 3827 803 3892 Basileensis
834 3826 875 3891 ab
905 3827 985 3911 ipsis
1010 3845 1156 3909 compro·

42 3919 113 3988 bati.
161 3925 234 3990 Hoc
265 3927 354 3990 enim
377 3936 474 4012 pacto
498 3948 616 4012 parum
640 3925 704 3990 illis
731 3925 881 3989 timenda
912 3925 1050 3987 fuissent
1073 3922 1176 4025 Pon,

42 4020 133 4086 tificis
164 4025 284 4104 vetita,
321 4046 359 4088 ac
392 4024 519 4088 indicta
551 4023 592 4088 ab
627 4045 664 4087 eo
697 4022 879 4108 supplicia,
917 4043 993 4087 cum
1027 4041 1156 4104 semper

44 4154 248 4168 Ἢ*-

112 4226 131 4294 Ι)
149 4228 189 4282 De
208 4228 362 4293 Concordia,
382 4235 445 4285 tom.
465 4228 486 4285 Ι.
506 4229 658 4296 Prolegom.
678 4243 702 4295 p.
725 4227 783 4284 lae.
804 4227 844 4285 ed,
863 4224 1007 4292 Bamberg,
