2964 4912
336 491 452 545 Comitia
470 490 542 545 Cleri
560 489 639 545 annis
658 490 836 545 loeo-1682
854 490 957 548 habita.
1154 491 1208 546 359

76 639 218 717 ratione,
244 634 487 720 utilitatemque
502 635 573 720 ejus
590 635 736 698 maxime
753 634 832 698 inde
849 634 1094 716 commendant,
1118 634 1208 719 quod

77 735 123 798 ad
149 734 361 799 concordiam
387 732 587 797 servandam
611 732 729 796 eadem
753 731 903 818 perutilis
927 735 982 811 sit,
1007 742 1106 818 atque
1131 730 1207 796 hae·

76 835 195 898 reticis
219 832 326 896 omnis
358 832 517 915 eripiatur
539 839 731 914 praetextus
760 825 987 894 calumniandi
1012 830 1208 913 Ecclesiam,

75 953 119 996 ac
151 933 178 994 si
204 930 371 994 doctrinas
395 937 611 1012 exaggeratas
639 937 847 1012 proponeret.
872 965 912 974 -—
928 975 931 984 .
945 929 985 991 In
1010 929 1119 992 causis
1142 949 1208 990 mo-

75 1030 217 1093 nasterii
256 1025 455 1090 Ueronensis
496 1034 529 1089 et
564 1024 752 1089 schismatis
786 1025 999 1110 Apamiensis
1041 1025 1209 1111 praesules

76 1129 182 1190 etiam
210 1127 288 1212 jura
311 1123 482 1188 Ecclesiae
506 1126 638 1208 penitus
662 1122 895 1207 neglexerunt,
928 1126 998 1208 regi
1028 1133 1061 1187 et
1084 1122 1208 1187 archie-

78 1227 219 1310 piscopo
254 1223 434 1286 Parisiensi
469 1243 635 1285 summum
672 1221 867 1306 obsequium
903 1220 1134 1301 ostenderunt,
1177 1229 1209 1284 et

76 1332 198 1387 contra
221 1321 345 1384 Brevia
378 1319 549 1404 pontificia
583 1318 674 1382 hisce
706 1321 741 1383 in
770 1321 911 1403 negotiis
944 1319 1021 1382 data
1053 1328 1208 1405 protesta-

74 1423 189 1484 tiones
222 1421 420 1498 emiserunt,
457 1427 620 1503 quatenus
652 1417 771 1482 iisdem
811 1416 981 1480 libertates
1014 1414 1208 1481 Gallicanae

77 1517 253 1583 Ecclesiae
277 1515 497 1580 laederentur.
1018 1579 1019 1582 Ἴ

170 1616 224 1680 50.
271 1616 369 1678 Initio
394 1613 474 1678 Maii
500 1613 719 1698 pervenitad
744 1611 889 1676 Comitia
912 1612 1079 1695 Pontificio
1096 1611 1206 1690 Breve,
1226 1615 1380 1716 tlffioeljrnge

76 1714 171 1800 quod
194 1713 410 1777 Innocentius
435 1711 488 1776 die
514 1712 572 1776 11⁰
596 1710 721 1797 Aprilis
746 1712 909 1793 ediderat,
935 1720 971 1775 ut
994 1711 1208 1796 responderet
1224 1740 1252 1779 <10
1267 1689 1371 1787 segni.

77 1811 257 1898 epistolae,
289 1832 387 1896 quam
412 1809 453 1873 de
476 1809 620 1892 regaliae
644 1812 776 1894 negotio
802 1810 984 1895 composito
1008 1809 1062 1873 die
1085 1808 1124 1872 3⁰
1147 1809 1206 1872 Fe-

78 1909 210 1974 bruarii
233 1906 402 1992 praesules
425 1907 468 1970 ad
493 1928 569 1970 eum
594 1908 761 1972 miserant.
809 1907 848 1972 In
873 1907 974 1971 Brevi
998 1909 1060 1970 isto
1084 1907 1207 1991 gravis-

78 2008 176 2071 simis
201 2005 312 2069 verbis
346 2013 378 2068 et
401 2026 521 2088 magno
547 2004 755 2090 eloquentiae
780 2007 894 2089 vigore
918 2005 1133 2069 Innocentius
1156 2005 1208 2067 XI

78 2106 223 2186 castigat
245 2104 417 2187 ignaviam
442 2104 688 2188 episcoporum,
713 2103 803 2189 quod
826 2105 897 2186 regi
921 2125 985 2167 non
1010 2103 1206 2183 restiterint3

78 2199 230 2284 singulas
252 2201 397 2264 rationes
422 2222 535 2263 eorum
559 2202 676 2286 paucis
699 2200 803 2265 solide
827 2201 955 2281 refellit,
980 2210 1079 2286 atque
1103 2208 1206 2264 osten-

78 2300 149 2379 dit,
182 2299 315 2362 omnino
343 2297 400 2381 jus
424 2296 568 2382 regaliae
591 2298 634 2362 ab
658 2299 739 2382 ipsis
763 2299 907 2383 principi
937 2297 1028 2362 haud
1052 2296 1206 2360 debuisse

75 2419 143 2461 nec
174 2396 319 2480 potuisse
350 2395 504 2478 concedi,
542 2397 718 2481 omniaque
750 2396 791 2459 ab
824 2397 864 2459 iis
895 2395 958 2459 hac
988 2397 1023 2459 in
1052 2417 1088 2459 re
1118 2395 1206 2460 facta

76 2497 174 2558 irrita
199 2503 231 2556 et
254 2492 345 2556 nulla
370 2492 525 2558 declarat.
564 2494 750 2578 Praecipua
765 2496 892 2558 motiva
913 2502 1076 2558 curtante
1093 2494 1207 2577 vigore

76 2590 236 2656 Pontifex
261 2589 351 2654 illam
383 2613 458 2654 cum
483 2613 561 2674 rege
586 2591 762 2655 confictam
785 2593 1044 2656 transactionem
1075 2591 1207 2676 rejiciat

77 2689 145 2753 illis
169 2687 280 2752 verbis
312 2691 539 2770 continentur,
574 2688 695 2774 quibus
720 2689 867 2753 declarat
897 2689 980 2754 haec
1004 2692 1138 2754 omnino
1162 2688 1206 2753 ab

71 2791 152 2873 ipso
189 2785 387 2871 improbari,
425 2809 514 2864 „cuna
545 2788 736 2871 praesertim
760 2810 821 2873 per
854 2809 944 2852 esunt
977 2789 1119 2872 repoli'ee
1141 2809 1206 2850 non

76 2883 180 2950 solam
203 2884 300 2946 everti
323 2882 529 2969 disciplinam
553 2884 796 2947 ecclesiasticen
818 2907 869 2948 res
892 2886 965 2971 ipsa
989 2885 1117 2962 doceat,
1151 2883 1208 2948 sed

76 2984 175 3047 etiam
196 2982 279 3065 fidei
301 2982 514 3065 inteqritutern
544 2983 579 3044 in
603 2982 772 3045 discrimen
801 2985 924 3062 vocari,
951 2983 1057 3069 facile
1087 2981 1204 3047 intelli·

74 3091 174 3166 qatnr
203 3103 242 3144 en
265 3081 346 3165 ipsis
369 3081 524 3165 repiorurn
552 3080 745 3144 decretorum
767 3080 884 3159 verbis,
918 3104 997 3166 qnae
1020 3084 1077 3170 jas
1099 3079 1204 3165 confe-

74 3178 173 3242 rendi
205 3177 352 3261 beneficia
382 3179 450 3260 rapi
484 3177 665 3257 vindicent,
701 3201 765 3241 non
796 3188 945 3264 tanquam
971 3179 1132 3266 profluens
1165 3200 1206 3240 ere

77 3278 190 3362 aliquo
206 3274 366 3340 Ecclesiae
390 3278 595 3358 concessione,
621 3276 677 3340 sed
701 3286 851 3361 tanquam
872 3277 1045 3362 inqenitnna
1069 3286 1099 3338 et
1119 3297 1205 3338 coce-

75 3397 149 3437 oum
172 3375 279 3457 repioe
303 3395 446 3440 coronae.
494 3373 589 3438 Illam
615 3395 693 3438 vero
717 3382 844 3459 partem
875 3373 1058 3438 litterarum
1083 3382 1204 3438 vestra·

75 3494 152 3535 rum
186 3494 251 3536 non
278 3472 349 3534 sine
372 3473 476 3535 animi
501 3471 635 3536 horrore
658 3471 768 3556 legere
791 3474 974 3557 potuimus,
1009 3473 1043 3535 in
1067 3494 1133 3557 qua
1158 3471 1204 3535 di—

76 3569 153 3632 citis
179 3589 237 3632 vos
257 3568 334 3652 jure
351 3578 459 3632 vestro
485 3568 692 3651 decedentes,
718 3569 799 3633 illud
824 3572 858 3634 in
881 3591 993 3653 regem
1009 3569 1204 3633 contulisse:

76 3668 174 3752 quasi
200 3665 413 3731 ecclesiarum
439 3689 524 3752 quae
546 3690 645 3732 curae
661 3677 791 3734 vestrae
808 3668 953 3757 creditae
969 3668 1071 3747 fuere,
1097 3669 1204 3732 essetis

75 3764 205 3848 arbitri,
229 3787 294 3827 non
317 3765 470 3843 custodes,
495 3777 528 3828 et
551 3768 645 3850 quasi
663 3764 823 3830 ecclesiae
847 3768 938 3851 ipsae
962 3775 994 3829 et
1018 3764 1203 3850 spiritualia

75 3884 192 3926 earum
212 3862 290 3948 jura
308 3873 441 3948 possent
463 3862 519 3926 snb
538 3865 711 3949 potestatis
726 3864 901 3928 saecularis
916 3867 1030 3953 jupam
1053 3863 1137 3926 mitti
1159 3863 1201 3926 ab

75 3961 259 4047 episcopis,
293 3961 408 4045 quise
440 3983 498 4046 pro
524 3983 637 4026 earum
661 3961 813 4024 libertate
837 3963 871 4024 in
896 3963 1090 4025 servitutem
1124 3961 1204 4024 dare

76 4059 246 4123 deberent.
274 4107 332 4124 .,.
375 4057 601 4139 Quamobrem
625 4081 683 4144 per
706 4069 896 4144 praesentes
920 4058 1055 4140 litteras,
1080 4059 1204 4123 tradita

75 4156 183 4220 Nobis
198 4155 240 4218 ab
258 4154 495 4241 Omnipotente
512 4157 584 4221 Deo
599 4160 804 4237 auctoritate,
820 4157 1057 4243 improbamus,
1081 4159 1201 4221 rescin-

75 4255 198 4337 dimus,
224 4263 256 4317 et
278 4275 456 4337 cassamus,
482 4277 566 4340 quae
591 4258 625 4319 in
650 4257 720 4318 istis
737 4257 856 4319 vestris
871 4257 1013 4320 comitiis
1037 4265 1111 4318 acta
1126 4263 1204 4320 sunt
