3288 4900
484 461 598 520 coneilii
615 461 742 529 padcdns
759 462 853 519 tern‘a
893 473 896 482 ’
1176 464 1227 520 139

120 627 180 670 esse
201 608 407 692 potissimum
433 605 674 672 intendendum
691 629 711 670 a
724 606 886 680 Pontifice
910 607 943 670 in
958 605 1022 670 illie
1035 608 1228 692 provinciis,
1240 609 1347 650 ⁰⁰¹²⁶¹t¹⁰
1367 623 1404 653 ¹0-

120 703 365 789 habendumque
401 725 459 788 pro
495 705 665 788 potissimo
701 703 826 768 indicio
859 702 960 768 simul
991 723 1032 768 ac
1064 674 1402 789 pmesidioiumlpae.

120 804 250 866 viventis
275 803 309 866 in
334 803 384 866 eis
405 799 584 886 religionis,
610 801 669 866 ubi
692 801 768 866 aliis
791 823 834 864 ex
857 802 968 866 causis
990 803 1138 888 episcopi
1163 823 1230 868 non

119 899 303 966 assoncilio
336 898 581 964 detinebantur.
636 898 809 966 Gallorum
842 909 953 962 autem
983 902 1231 966 cunctationem

119 1019 152 1060 ex
172 1000 275 1064 nimia
298 999 482 1063 antistitum
511 996 642 1062 desidia
674 999 775 1077 nasci,
807 1019 874 1063 non
907 1017 949 1062 ex
974 997 1105 1064 medica
1130 999 1231 1064 domi-

119 1097 256 1160 nantium
293 1095 463 1178 religione.
514 1095 649 1160 Etenim
683 1117 788 1181 quum
818 1096 890 1181 jam
928 1097 987 1160 diu
1022 1098 1137 1181 regina
1172 1119 1232 1162 sex

120 1196 271 1280 episcopie
296 1193 533 1279 profectionem
558 1193 744 1275 indixisset,
769 1215 940 1279 nunquam
957 1214 1137 1278 eospasscs
1162 1217 1232 1264 esse

122 1295 277 1378 apatriae
302 1291 595 1356 commoditatibus
619 1313 653 1356 se
677 1290 802 1356 divelli.
1121 1301 1129 1310 “

193 1392 247 1456 93.
278 1389 313 1454 Si
338 1389 499 1455 hactenus
522 1411 607 1475 quae
631 1391 702 1473 ipse
725 1391 871 1473 Legatos
895 1400 1008 1474 egerat
1030 1412 1231 1475 magnopere

120 1510 171 1552 non
195 1489 402 1574 profuerant,
428 1488 493 1552 duo
517 1488 818 1573 perpenderentur:
842 1488 994 1572 altorum,
1019 1511 1058 1554 ea
1082 1494 1233 1552 maxima

118 1585 237 1666 damna,
265 1579 350 1672 quae
363 1586 516 1650 accidere
537 1589 721 1671 potuissent
743 1586 809 1652 alia
826 1589 910 1650 inita
923 1589 1060 1669 ratione,
1079 1588 1231 1673 exemplo

118 1685 304 1750 Britanniae
328 1683 561 1769 comprobata3
585 1683 729 1748 alterum
746 1706 846 1770 quam
864 1707 982 1772 parum
997 1685 1115 1750 auxilii
1131 1687 1231 1752 offen·

118 1781 207 1846 disset
238 1785 344 1868 ipsius
374 1781 506 1864 legatio,
538 1784 696 1866 spectatis
728 1792 799 1847 tum
822 1805 860 1847 co
886 1786 943 1869 qui
974 1786 1165 1869 provincias
1188 1785 1232 1848 ad

117 1902 187 1964 quas
222 1885 345 1946 missus
375 1880 485 1945 fuerat
517 1880 782 1963 administrabat,
814 1891 884 1946 tum
920 1885 961 1946 iis
991 1883 1047 1966 qui
1080 1882 1233 1946 custodes

117 1979 253 2044 aderant·
268 1978 448 2064 religionis,
474 1979 569 2064 cujus
593 1979 695 2044 tutela
719 1979 783 2044 sibi
807 1980 1084 2046 committebatur.
1134 1980 1232 2060 Quod

117 2077 152 2139 ad
168 2081 310 2162 primum
336 2086 436 2161 caput
459 2076 632 2156 attinebat,
658 2077 788 2142 medico
814 2101 931 2164 parum
956 2080 1030 2142 usui
1054 2099 1125 2141 esse
1148 2077 1232 2143 salu·

117 2185 209 2240 tarem
234 2185 385 2262 paratam
409 2174 501 2259 apud
522 2195 556 2240 se
572 2175 784 2256 medicinam,
809 2176 867 2240 nbi
884 2197 957 2242 eam
973 2187 1104 2241 recusat
1122 2197 1234 2260 aegro·

118 2283 171 2353 tus,
198 2297 262 2338 nec
285 2272 328 2336 ad
353 2274 460 2357 ipsam
485 2277 682 2337 sumendam
707 2275 780 2358 cogi
805 2283 933 2359 potest;
966 2275 1001 2339 id
1024 2285 1104 2338 tunc
1129 2277 1161 2340 in
1185 2295 1234 2338 re·

118 2372 185 2452 gina
208 2373 418 2455 contingere,
450 2393 535 2456 quae
559 2371 602 2434 ad
627 2372 855 2456 reprimendos
879 2372 1088 2455 Hugenottos
1113 2382 1235 2436 cuncta

119 2469 256 2535 subsidia
279 2468 455 2534 recusabat
478 2468 532 2532 vel
555 2491 575 2534 a
598 2469 761 2534 Pontifice
785 2470 839 2534 vel
863 2470 997 2537 aliunde
1022 2470 1141 2553 oblata,
1167 2493 1232 2556 quo

119 2580 217 2650 aperte
242 2571 277 2633 in
302 2568 484 2632 haereticos
508 2569 657 2650 irrueret,
691 2590 758 2654 qua
781 2591 881 2634 sexus
904 2567 1142 2651 imbecillitate,
1167 2592 1233 2655 qua
1295 2635 1296 2638 ,

120 2664 238 2750 imperii
263 2667 314 2730 sui
337 2665 512 2730 minuendi
537 2667 664 2731 timore.
696 2667 771 2732 Non
788 2689 883 2753 posse
899 2669 1043 2752 pervim
1068 2670 1232 2754 seipsam
1303 2693 1308 2704 ³

121 2765 273 2851 compelli,
299 2765 423 2850 quippe
448 2765 501 2828 cui
527 2785 659 2828 omnem
684 2787 780 2850 opem
796 2763 997 2830 Germaniae
1010 2766 1235 2830 Protestantes

123 2863 240 2926 assidue
264 2860 456 2943 offerebant,
485 2861 635 2947 adeoque
658 2863 880 2948 periculosum
906 2886 986 2945 esse,
1016 2885 1058 2928 ne
1081 2863 1232 2929 sollicita·

125 2959 254 3025 tionibus
278 2959 518 3040 succumberet,
544 2960 600 3024 ubi
627 2964 771 3044 sentiret,
803 2985 839 3026 se
862 2964 1004 3027 nimium
1027 2985 1047 3026 a
1070 2961 1233 3026 Pontifice

121 3061 223 3138 premi.
271 3057 447 3122 Confidere
470 3067 582 3124 tamen
606 3059 782 3143 Legatum,
815 3059 1031 3125 Catharinam
1059 3059 1232 3146 paulatim,

121 3163 145 3215 et
156 3179 221 3220 non
237 3165 386 3221 coactam
412 3155 454 3220 ab
471 3157 610 3241 impetu,
634 3157 854 3223 adhaesuram
869 3180 940 3222 esse
955 3157 1110 3224 utilitatis
1125 3160 1234 3241 gratia

119 3250 156 3315 illi
179 3253 315 3318 consilio
340 3253 429 3338 quod
453 3263 534 3319 tunc
549 3256 735 3322 recusabat.
767 3255 833 3321 Sed
850 3256 913 3320 boc
937 3279 1008 3320 esse
1031 3255 1232 3320 beneficium

119 3354 195 3432 quod
227 3376 246 3417 a
276 3353 386 3416 futuro
418 3361 566 3437 tempore
596 3356 720 3438 sperari
752 3365 876 3440 posset,
908 3376 975 3420 non
1007 3355 1231 3419 conditionem

119 3453 285 3535 propitiam
318 3451 511 3535 praesentis.
543 3487 586 3498 -·-
617 3451 689 3516 Nec
720 3474 754 3516 se
784 3452 936 3518 meliores
965 3455 1001 3516 in
1025 3453 1234 3518 conditiones

119 3547 278 3624 incidisse,
316 3549 344 3612 si
383 3547 598 3614 ecclesiastici
638 3550 873 3636 praesulesque
904 3550 994 3616 Galli
1031 3561 1230 3636 spectentur.

119 3643 231 3712 llorum
273 3645 392 3710 multos
429 3645 708 3730 gubernatoribus
746 3649 887 3730 dixisse,
936 3649 1122 3714 Concilium
1161 3670 1233 3712 esse

121 3746 289 3826 quamdam
313 3744 453 3823 larvam,
483 3766 545 3808 nee
569 3767 716 3832 unquam
742 3747 811 3811 lore
835 3758 872 3812 ut
894 3747 1082 3831 indulgeret
1105 3757 1137 3811 et
1160 3769 1231 3832 pro·

119 3845 248 3925 spiceret
274 3841 450 3930 postulatis
477 3844 622 3928 reginae,
661 3844 784 3930 quibus
815 3845 1017 3929 Hagenottis
1047 3845 1231 3927 satisfieret,

119 3941 173 4004 nisi
204 3939 500 4027 pollicitationibus
540 3952 572 4004 et
604 3945 801 4027 apparentia
836 3943 990 4028 quadam.
1047 3943 1231 4028 Episcopos

119 4036 197 4120 ipsos
219 4041 312 4104 baud
334 4039 551 4104 vehementer
574 4038 740 4106 obstitisse
764 4041 915 4123 consilio,
946 4053 983 4106 ut
1005 4052 1164 4126 tanquam
1189 4041 1231 4106 de

121 4135 226 4202 ritibus
249 4139 332 4223 legis
356 4135 601 4201 ecclesiasticae
625 4149 657 4204 et
680 4161 747 4202 non
771 4139 934 4204 divinitus
958 4141 1153 4224 praeceptis,
1183 4162 1231 4203 re·

119 4228 274 4300 laxaretur
298 4235 456 4319 obligatio
473 4236 573 4300 sacris
588 4237 793 4320 imaginibus
816 4238 941 4319 utendi,
967 4236 1133 4302 tolleretur
1157 4261 1231 4323 sup-
