3288 4900
481 450 594 505 Consilii
612 450 736 518 periodus
755 450 850 517 puina.
1222 449 1257 503 89

148 617 327 678 consonum,
368 607 404 660 ut
443 595 601 660 Moronus
637 592 823 658 Cardinalis
860 591 1049 677 'Oeniponte
1088 591 1426 688 legacionetrgguffl·

147 694 272 777 fungens
293 695 387 781 *apud
400 691 656 758 Fordinandum
671 693 909 777 Imperatorem
933 690 969 754 id
985 701 1257 755 commemoraret

145 792 181 855 ad
194 793 428 858 ostendendam
442 791 629 856 libertatem
640 789 795 855 Consilii:
814 787 869 873 ,Si
886 789 1055 868 ministris,
1073 788 1256 875 inquiebat,

147 900 326 954 consuetam
339 899 417 969 erat,
442 909 540 953 suum
558 889 745 974 principem
759 886 800 950 de
817 885 917 952 rebus
932 887 1089 969 gerendis
1103 887 1254 966 edocere,

146 987 234 1052 multo
259 991 366 1072 magis
384 989 425 1052 id
449 985 695 1052 observmdum
734 1006 805 1048 csso
838 1006 863 1048 a
900 983 1019 1067 legatis
1047 1005 1125 1068 erga
1149 981 1259 1068 Caput

145 1083 301 1149 neonae
324 1087 360 1149 In
375 1085 475 1150 rebus
498 1083 679 1168 religionis,
706 1104 783 1146 cum
799 1103 930 1168 semper
955 1083 990 1145 in
1003 1103 1097 1146 more
1109 1083 1258 1167 ‘positum

144 1180 239 1262 luerit,
279 1193 318 1246 ut
354 1201 506 1247 summus
538 1181 696 1246 Pontifex
732 1179 773 1244 de
804 1179 1020 1265 gravioribus
1051 1181 1259 1264 argumentis

148 1281 256 1344 certior
280 1281 384 1346 lieret.
431 1280 521 1344 Hinc
550 1301 617 1344 non
647 1279 751 1343 adimi
775 1278 973 1359 llbeitatem,
1005 1278 1261 1364 quandoquidem

143 1377 256 1442 domata
289 1397 354 1465 'pro
384 1380 502 1467 majori
532 1377 756 1464 suffragatorum
783 1399 912 1440 numero
940 1376 1166 1459 firmabantur.
1219 1375 1259 1439 ln

142 1476 302 1540 veteribus
328 1475 500 1559 Conciliis,
523 1485 561 1538 ut
584 1477 618 1538 in
642 1473 909 1538 Chalcedonensi
934 1483 967 1538 et
983 1475 1259 1558 Constantinopo-

144 1571 247 1654 litano,
269 1595 341 1638 non
366 1573 471 1638 solum
501 1573 601 1636 fuisse
625 1574 832 1658 permissum,
872 1581 909 1635 ut
937 1593 989 1635 res
1021 1593 1096 1635 eum
1127 1591 1259 1634 summo

141 1670 294 1736 Pontifice
318 1672 654 1751 communicaremus,
679 1670 736 1734 sed
754 1680 926 1754 acceptam
950 1669 1038 1732 illius
1061 1669 1259 1733 sententiam

141 1769 332 1833 aPatribus
359 1769 461 1832 fnisse
482 1768 717 1853 subscriptam.
741 1815 751 1831 ,
778 1818 784 1834 .
811 1820 818 1833 .
845 1768 991 1830 Tantum
1015 1769 1048 1830 in
1074 1768 1260 1851 praesentia

141 1886 199 1928 non
221 1865 383 1952 postulari
404 1885 428 1930 a
448 1866 617 1930 ¹Pontn'iice
640 1865 812 1949 legatisve,
846 1865 903 1928 sed
934 1875 968 1928 at
990 1867 1107 1952 majori
1129 1866 1260 1929 Petrum

140 1986 260 2028 macno
297 1965 477 2028 mcccc
509 1966 782 2028 committerentur.
831 1961 930 2026 Nulla
967 1971 1081 2026 uonna
1119 1961 1201 2025 baec
1240 1983 1260 2024 a

140 2061 347 2126 Fordinando
357 2063 476 2148 'ejusve
486 2061 687 2126 consiliariis
704 2061 846 2146 objectio
862 2059 952 2122 facta
963 2061 1081 2140 const)
1098 2097 1139 2106 -—
1158 2059 1259 2122 Haud

140 2158 228 2222 aliter
251 2159 441 2224 haedere
461 2158 623 2223 'censebat
646 2161 716 2244 ipse
739 2157 977 2238 Pallavicinus,
1008 2159 1065 2221 cui
1088 2159 1189 2221 totius
1214 2156 1260 2220 bi·

139 2259 233 2322 storia
261 2257 403 2322 Consilii
437 2251 517 2322 sane
547 2259 671 2343 optime
703 2266 781 2320 nota
811 2265 891 2320 erat.
939 2255 1114 2318 Disserens
1142 2263 1260 2318 contra

141 2351 241 2440 Sarpii
268 2377 395 2420 errores
419 2355 458 2420 L.
482 2356 570 2419 XXI
594 2355 631 2420 C.
643 2356 745 2420 XIII.
769 2377 802 2420 n.
826 2355 859 2437 4,
877 2353 1040 2436 advertit,
1065 2355 1172 2439 ipsum
1188 2353 1260 2418 Sar-

140 2453 224 2535 pium
248 2454 346 2518 fatui
368 2457 521 2542 majorem
539 2465 666 2539 partera
682 2455 813 2518 Petram
831 2462 986 2539 paratam
1001 2452 1108 2538 faisse
1132 2451 1176 2514 ad
1196 2473 1259 2513 cm-

136 2547 303 2632 plc'andam
340 2553 561 2616 anconitanam
600 2552 781 2636 Pontificio,
822 2549 1005 2635 verbisque
1043 2550 1114 2635 ejus
1151 2549 1260 2612 citatis

142 2649 267 2714 scribit:
311 2650 520 2732 „Percontor,
555 2653 590 2714 in
612 2671 683 2736 ·quo
718 2650 847 2714 ¹residet
886 2658 1031 2734 potestas
1066 2647 1259 2728 deliniendi,

143 2747 170 2808 in
205 2747 334 2833 majori,
371 2769 415 2812 an
452 2750 488 2812 in
527 2750 647 2812 minori
686 2748 804 2833 parte?
848 2746 1010 2812 Omnium
1035 2745 1261 2810 Conciliomm
1328 2791 1330 2798 -

143 2845 348 2926 mnsaetudo,
373 2847 454 2932 quin
479 2848 627 2910 omnium
649 2848 940 2927 communitatum,
966 2845 1103 2908 stratio
1128 2845 1202 2928 ipsa
1225 2843 1260 2907 id

145 2940 247 3008 dicit.“

222 3051 277 3114 36.
326 3049 393 3131 Qui
432 3054 606 3116 occasione
651 3049 883 3115 celebrationis
921 3048 1064 3114 Concilii
1101 3043 1259 3111 Vaticani

138 3159 440 3235 propugnaverunt,
473 3151 728 3214 unanimitatem
764 3147 921 3212 moralem
954 3147 1186 3230 suffragiorum
1225 3147 1260 3209 in

140 3245 276 3311 decretis
297 3247 379 3311 :fidei
402 3249 537 3334 requiri,
567 3247 786 3312 nibilominus
817 3246 861 3310 a'd
885 3245 1073 3309 Concilium
1097 3243 1261 3308 Tridenti-

140 3365 214 3409 num
231 3347 497 3432 provocarunt.⁸)
522 3347 573 3410 Ac
590 3348 674 3410 mira
697 3345 958 3410 hallucinatione
982 3343 1147 3430 quaedam
1162 3341 1260 3428 plane

139 3441 217 3506 falsa
239 3443 477 3528 allegaverunt,
507 3447 556 3508 uti
580 3444 654 3508 illa:
689 3444 759 3527 „La
783 3442 955 3507 residencc
979 3451 1028 3506 est
1052 3440 1113 3504 elle
1138 3440 1261 3524 oblIga-

139 3542 217 3603 toire
240 3541 282 3605 de
307 3542 393 3606 droit
417 3543 535 3608 divin?
582 3544 656 3608 Une
688 3543 840 3628 majorite'
872 3541 929 3604 des
960 3542 1040 3604 trois
1064 3550 1178 3625 quarte
1203 3539 1261 3602 des

139 3641 216 3701 voix
239 3642 320 3704 etait
343 3642 478 3726 acquise
501 3641 532 3705 le
548 3641 591 3705 20
606 3641 691 3705 avril
711 3641 798 3705 1562
822 3639 1080 3724 aux,pa1tisans
1105 3636 1149 3699 du
1175 3636 1262 3699 droit

209 3913 231 3980 ι)
252 3913 383 3968 Pallante.
402 3913 434 3968 L.
454 3910 513 3969 xli.
533 3911 553 3968 C
582 3913 658 3967 xm.
671 3927 705 3969 u.
723 3916 767 3970 ¹18.

210 3989 232 4042 *l
251 3993 434 4047 L’unanimite
453 3994 519 4048 dans
527 3995 571 4048 les
585 3993 705 4047 :concitos
723 3992 920 4058 scumeniqnes.
957 3989 1043 4061 Paris,
1069 3987 1163 4044 Denta
1183 3987 1260 4047 1870.

142 4095 174 4110 κ
194 4071 232 4126 Dc
249 4073 421 4128 l'unanimlte
439 4075 547 4138 morale,
569 4074 721 4128 necessaire
741 4075 807 4127 (lans
826 4074 864 4126 les
876 4072 1006 4127 comites
1022 4085 1093 4140 pour
1111 4071 1150 4125 les
1168 4071 1261 4125 defini-

143 4151 431 4221 nonagintaque.
468 4155 568 4223 uepres
593 4155 669 4210 1870.
694 4179 732 4193 ...
755 4155 864 4208 ‘uicina
881 4139 979 4207 acer.
1005 4168 1029 4209 a.
1047 4149 1127 4206 nero.
1156 4151 1208 4207 vu.
1227 4151 1261 4204 x.

144 4246 185 4298 pp.
206 4234 262 4299 100,
280 4235 342 4298 450,
357 4233 418 4291 675.
