3288 4900
517 465 630 520 Concilii
648 465 773 533 periodus
791 465 884 520 tertia
1208 463 1264 519 leb

144 609 296 676 cedentis.
344 611 552 674 Destiterunt
581 621 693 674 tomen
720 631 779 694 pro
810 619 958 693 tempore
985 631 1005 672 a
1028 608 1260 721 postulatione,
1271 609 1348 712 ,⁰⁰¹¹
1317 612 1369 649 ¹¹³⁰
1344 619 1419 711 ἱὲἰξ·

143 717 314 793 postquam
336 709 455 792 Legati
480 729 602 792 magua
626 729 703 771 oum
735 706 895 771 ᾶθιοιειιι
872 716 921 773 ιιι
950 725 993 769 ex
1016 705 1164 770 litteris
1156 707 1261 790 ipsius

144 806 306 869 Pontificio
331 807 377 870 eis
399 805 630 886 ostenderunt,
650 827 724 868 earn
749 814 836 868 corto
862 813 1006 868 mentem
1031 825 1101 868 esse
1117 827 1141 868 s.
1156 802 1261 886 Sedis,

144 911 175 966 ut
202 903 393 968 Concilium
427 905 470 967 sit
503 905 707 968 continuatio
738 901 984 987 praecedentis,
1017 902 1074 968 sed
1107 902 1263 988 prudenti

142 1003 331 1066 oeconomia
355 1001 495 1065 verbum
526 1000 608 1065 illud
640 1001 890 1069 continuationis
921 999 1032 1064 adhuc
1061 1000 1190 1080 evitari,
1223 1019 1265 1063 ne

142 1100 276 1162 nimium
300 1099 526 1163 Protestantee
550 1101 767 1182 irritarentur,
798 1119 884 1161 neve
908 1095 1110 1162 Germaniae
1133 1107 1166 1162 et
1189 1097 1265 1163 Gal-

142 1195 196 1260 liae
228 1199 401 1283 principes
431 1197 687 1262 offenderentur.
743 1195 922 1260 Caeterum
953 1196 1034 1277 fore,
1066 1203 1104 1258 ut
1126 1197 1170 1279 ,in
1198 1195 1264 1260 lino

145 1295 245 1358 omnia
278 1294 414 1359 decreta
443 1296 520 1360 inde
545 1295 587 1359 ab
612 1296 707 1359 initio
734 1293 884 1358 confecta
913 1293 1118 1359 aPontifice
1149 1294 1265 1358 confir·

143 1402 319 1457 narentur.

220 1490 278 1554 90.
327 1491 416 1554 Dein
441 1511 519 1554 vero
545 1489 730 1554 Guerreras
759 1492 1000 1574 repugnantiae
1031 1499 1132 1554 tenax
1164 1492 1266 1554 tricas

142 1589 239 1651 novit
270 1589 314 1652 de
348 1587 460 1652 verbis
491 1590 526 1651 in
558 1588 689 1652 decreto
717 1588 761 1652 de
790 1587 1010 1651 celebratione
1036 1585 1176 1652 Concilii
1209 1588 1265 1651 ad·

141 1683 259 1767 hibitie,
279 1686 536 1772 proponentibus
552 1687 689 1773 Lapatia,
706 1709 856 1768 causans,
874 1687 901 1748 si
917 1685 1119 1769 Legatorum
1134 1695 1264 1750 tantum

141 1793 217 1846 essct
247 1805 447 1869 proponere,
478 1805 594 1848 vocem
627 1786 793 1870 episcopis
817 1783 1030 1847 interdictum
1056 1785 1096 1846 iri
1121 1806 1187 1847 non
1221 1785 1264 1848 ad

136 1879 356 1962 judicandum
382 1881 491 1962 modo,
516 1881 575 1946 sed
599 1884 699 1946 etiam
717 1881 760 1946 ad
775 1881 997 1966 loquendum3
1023 1902 1147 1946 novum
1164 1883 1264 1946 etiam

140 1987 167 2040 et
188 1981 309 2044 merito
334 2000 472 2044 exosum
497 2003 568 2044 esse
592 1981 682 2045 hunc
705 1980 842 2043 modum
865 1979 1034 2065 loquendi.
1067 1980 1178 2064 Atque
1202 1982 1265 2044 ista

141 2077 225 2140 inre
261 2077 348 2142 nulli
378 2077 484 2142 voluit
519 2078 637 2142 cedere
669 2079 809 2156 rationi3
846 2099 948 2162 quum
983 2087 1094 2142 tamen
1118 2078 1265 2162 Legatus

141 2175 265 2240 offerret
300 2197 423 2240 novam
461 2198 646 2240 convocare
677 2178 968 2260 congregationem
1000 2175 1188 2260 generalem
1222 2176 1262 2240 oh

98 2307 99 2320 2
143 2271 200 2336 duo
223 2277 293 2338 ista
316 2274 491 2354 vocabula,
516 2285 556 2338 ut
575 2275 690 2339 Patres
709 2275 877 2360 judicium
901 2274 1034 2353 ferrent,
1059 2274 1093 2337 id
1118 2297 1138 2337 a
1162 2272 1264 2338 (iruer-

140 2391 204 2434 rero
229 2373 436 2437 declinatum
462 2383 519 2437 est.
559 2373 717 2437 Manifest
704 2383 775 2436 tum
799 2394 878 2436 vero
903 2383 961 2454 est,
987 2373 1103 2436 merito
1128 2372 1263 2456 disposi-

142 2475 204 2530 tum
220 2469 339 2551 fuisse,
363 2480 401 2533 ut
416 2469 550 2535 nonnisi
567 2493 587 2534 a
603 2472 738 2554 Legatis
755 2491 818 2534 auc
820 2472 987 2534 toritative
1004 2479 1266 2556 proponerentur

142 2585 184 2644 ea,
215 2588 305 2651 quae
338 2541 372 2631 in
399 2565 548 2632 Concilio
580 2568 623 2632 ad
656 2569 788 2633 decreta
821 2567 1027 2632 conficienda
1052 2579 1084 2631 et
1107 2569 1266 2651 suffragia

141 2663 271 2729 ferenda
291 2665 550 2729 discuterentur·
544 2666 694 2751 ,reliqui
710 2689 769 2751 per
785 2667 928 2750 Legatos
951 2665 1191 2751 postulatusne
1210 2689 1263 2728 ex-

142 2782 256 2844 ponere
290 2786 332 2848 po
334 2773 452 2828 terant
499 2765 593 2828 Ex
579 2787 655 2850 Jure
679 2764 775 2830 Sedis
800 2765 969 2828 Romanae
1000 2774 1032 2827 et
1063 2764 1264 2848 Legatorum

144 2862 252 2924 nerito
280 2862 328 2924 ita
351 2871 512 2925 statutum
537 2872 615 2928 erat.
666 2862 876 2945 „Caeterum
902 2865 1012 2947 inquit
1027 2861 1263 2945 Pallavicinue,

143 2958 223 3040 apud
249 2982 285 3022 se
310 2961 452 3044 quisque
475 2960 669 3044 perpendat,
703 2981 868 3045 quaenam
892 2963 1033 3024 oriretur
1055 2961 1238 3026 confusio
1230 2985 1264 3025 ιιι

142 3065 229 3118 coetu
265 3055 482 3140 plurimorum
516 3060 675 3143 capitum,
715 3079 856 3143 quorum
886 3057 1026 3143 singula,
1068 3081 1124 3143 pro
1157 3079 1195 3123 eo
1225 3081 1265 3124 ac

141 3156 285 3217 omnium
311 3176 381 3217 mos
398 3165 447 3219 est
461 3157 655 3241 praesertim
672 3157 947 3240 imperitantium,
973 3156 1184 3240 prudentiam
1201 3157 1264 3222 sibi

143 3263 294 3334 arrogant
316 3253 358 3315 ad
383 3252 569 3317 humanum
592 3275 697 3338 genus
721 3254 979 3335 reformandum,
1012 3256 1038 3318 si
1064 3276 1176 3319 eorum
1202 3258 1265 3320 sin·

141 3347 220 3426 gulis
245 3351 382 3414 daretur
405 3360 552 3437 potestas
589 3353 808 3436 proponendi,
848 3363 881 3416 et
917 3353 954 3415 in
991 3352 1264 3437 disceptationem

143 3447 280 3511 vocandi
306 3459 401 3512 extra
426 3449 576 3513 ordinem
601 3449 764 3534 quidquid
790 3451 870 3534 ipsis
893 3451 927 3513 in
945 3460 1089 3514 mentem
1114 3453 1264 3516 veniret?

145 3539 361 3620 Quandonam
388 3569 535 3632 unquam
559 3558 744 3610 conventus
760 3546 1012 3612 absolveretur?
1037 3549 1169 3634 quando
1193 3572 1265 3633 gra-

145 3641 276 3706 vissima
302 3644 436 3707 decreta
459 3647 672 3730 maximeque
695 3646 863 3709 fructuosa
890 3645 1151 3731 perficerentur?
1189 3649 1265 3714 Non

143 3738 242 3804 solum
274 3743 309 3805 in
337 3743 564 3807 conventibus
595 3745 694 3807 unius
730 3745 848 3828 capitis
878 3746 1065 3808 auctoritati
1096 3746 1266 3832 subjectis,

146 3836 327 3920 cujusmodi
353 3850 430 3903 sunt
446 3839 606 3922 Concilia,
631 3841 688 3905 aed
713 3843 747 3904 in
772 3843 813 3905 iis
836 3844 936 3906 etiam
961 3845 1018 3928 qui
1042 3843 1207 3908 habentur
1230 3848 1264 3908 in

146 3929 283 4013 plurium
316 3936 506 4020 dominatu,
545 3937 627 4002 haee
642 3969 645 3976 ·
662 3940 869 4024 proponendi
900 3951 1044 4025 potestas
1064 3943 1118 4005 ¹ad
1141 3962 1268 4027 paucos

146 4035 297 4097 coarctari
331 4033 423 4115 colet,
457 4057 533 4099 cum
566 4038 737 4120 contingat
767 4038 802 4100 in
834 4037 1068 4124 qualicumque
1091 4039 1264 4106 hominum

146 4128 361 4214 multitudine,
387 4132 513 4218 utplus
535 4136 688 4198 minusve
712 4137 791 4198 insit
814 4134 941 4221 aliquid
965 4136 1144 4224 plebejum,
1168 4141 1268 4205 adeo-'-

146 4243 203 4306 que
244 4231 469 4314 ignorantiae,
514 4232 691 4314 audaciae,
735 4232 944 4318 loquacitatis
983 4245 1016 4298 et
1053 4234 1269 4318 perturbatae
