3288 4900
469 465 582 522 concilii
601 466 725 535 periodus
744 465 868 523 secunda.
1192 467 1244 520 127

141 610 275 674 Studium
306 613 439 697 pietatis
469 633 536 674 non
567 612 675 695 potuit
709 611 744 674 in
775 631 812 673 eo
845 612 1056 694 exstinguere
1080 609 1241 695 quosdam
1259 613 1414 655 ¹²¹¹¹⁸v¹⁰¹¹³¹¹⁸

139 710 256 793 spiritus
287 708 340 772 vel
365 731 384 772 a
407 711 525 794 patria,
558 707 611 771 vel
634 731 654 771 a
676 707 814 786 familia,
847 707 902 772 vel
931 731 952 772 a
980 717 1241 792 temperamento

139 806 264 871 haustos.
311 806 343 870 A
373 808 480 891 patria
510 808 648 870 retinuit
678 805 930 870 immoderatam
955 805 1134 890 quamdam
1159 806 1243 870 solli-

138 903 302 968 citudinem
327 909 361 968 in
377 906 520 967 vestium
545 905 780 982 concinnitate,
805 903 1080 989 splendoremque
1103 925 1245 988 pompae

137 1023 220 1084 supra
242 1000 501 1065 ecclesiasticam
525 1003 560 1065 in
585 1003 741 1066 exteriori
765 1000 872 1077 oultu;
903 1025 924 1066 a
946 999 1073 1065 familia
1106 1003 1245 1066 nimiam

137 1101 400 1163 existimationem
424 1099 596 1164 titulorum
621 1099 918 1185 amplitudinisque
942 1098 1107 1178 mortalis;
1132 1123 1152 1163 a
1168 1110 1246 1163 tem·

138 1207 312 1278 peramento
337 1199 517 1282 quamdam
529 1198 652 1282 agendi
668 1200 831 1262 rationem
846 1197 978 1278 elatam,
1002 1197 1245 1278 vehementem,

138 1294 325 1376 iracundam,
350 1308 382 1358 et
406 1297 586 1380 quamdam
611 1297 822 1360 severitatem
847 1317 932 1381 quae
955 1297 1057 1358 animi
1083 1305 1245 1360 tumorem

138 1394 283 1474 praeferre
308 1392 496 1458 videbatur.
544 1393 622 1458 Plus
662 1394 780 1458 babuit
817 1394 961 1478 pectoris
1000 1392 1043 1456 ad
1075 1393 1245 1477 punienda

135 1493 257 1555 crimina
288 1493 324 1553 in
352 1493 472 1576 quovis
504 1491 638 1558 sublimi
678 1493 796 1577 capite,
837 1512 937 1576 quam
975 1489 1171 1575 prudentiae
1201 1489 1245 1554 ad

133 1589 234 1652 eadem
259 1588 518 1674 praepedienda.
566 1589 833 1674 Amplitudinem
858 1609 991 1651 ornnem
1015 1599 1245 1652 sacrosanctae

133 1707 198 1749 suae
213 1689 385 1771 potestatis
402 1687 520 1751 habuit
536 1709 594 1772 pro
612 1709 767 1750 mensura
783 1709 854 1750 eam
874 1688 1039 1772 sapienter
1055 1688 1244 1768 exercendi,

131 1783 207 1848 haud
230 1785 513 1866 animadvertens,
539 1786 639 1849 rebus
663 1784 881 1866 naturalibus,
906 1805 972 1848 non
989 1783 1145 1848 civilibus
1162 1783 1244 1848 illud

131 1884 242 1966 aptari:
269 1883 408 1947 Frustra
424 1905 490 1946 assa
499 1886 688 1970 potentiam,
713 1907 792 1969 quaa
806 1907 870 1947 uon
885 1883 1047 1946 reducitur
1070 1883 1115 1946 ad
1130 1893 1242 1947 actum.

130 1979 296 2044 Notionem
327 1979 547 2066 Hispanicam
579 1992 611 2044 et
634 1982 846 2045 Austriacam
877 1979 1039 2044 familiam
1071 1981 1245 2063 insigniter

127 2077 343 2158 aversabatur,
378 2101 441 2142 nec
458 2077 529 2142 'sibi
552 2079 769 2159 temperabat,
803 2080 980 2164 quominus
1008 2077 1173 2141 indecoris
1196 2080 1243 2141 in·

127 2174 292 2261 dignisque
316 2175 457 2240 vocibus
480 2178 516 2240 in
540 2199 613 2240 eam
645 2176 886 2262 obloqueretur,
919 2197 995 2239 cum
1027 2177 1242 2256 existimaret,

124 2271 303 2337 libertatem
339 2273 381 2337 ab
415 2273 479 2338 illis
513 2285 660 2360 ereptam
692 2276 794 2339 fuisse
824 2273 956 2360 populis
991 2274 1026 2335 in
1050 2273 1147 2336 ltalia
1185 2295 1244 2358 per

124 2369 209 2453 bella,
236 2372 408 2436 Ecclesiae
433 2374 467 2435 in
485 2373 649 2458 Hispania
673 2393 732 2458 per
748 2375 949 2454 sanctiones3
975 2373 1126 2436 eamdem
1147 2370 1242 2435 liber-

125 2481 214 2534 tatem
241 2493 433 2535 concessam
458 2471 585 2535 haeresi
609 2473 644 2534 in
669 2471 849 2536 Germania
872 2493 931 2556 per
953 2479 1154 2550 conventum
1185 2482 1243 2536 aut

125 2590 181 2630 non
204 2568 332 2633 auditis
356 2569 398 2632 ab
423 2591 471 2652 ee,
504 2583 562 2633 aut
589 2592 656 2634 non
681 2571 829 2655 probatis
854 2568 1038 2632 Austriacis
1065 2571 1241 2654 responsis.

125 2664 301 2730 Nimirum:
325 2667 365 2730 In
382 2666 479 2731 Italia
493 2668 595 2732 fuisse
613 2678 784 2749 certatum,
802 2690 868 2732 non
885 2677 1007 2746 utrum,
1032 2665 1090 2728 sed
1108 2668 1242 2731 cirinum

125 2785 158 2826 ex
178 2766 303 2828 exteris
328 2765 541 2829 serviendum
565 2767 667 2838 foret:
693 2766 954 2830 ecelesiasticam
973 2764 1241 2849 jurisdictionem

126 2861 150 2922 in
171 2863 292 2948 quovis
317 2861 380 2926 alio
413 2873 661 2928 transmontano
692 2867 881 2950 principatu
914 2862 1109 2948 ampliorem
1142 2887 1241 2949 quam

128 2957 150 3021 in
172 2960 340 3044 Hispania
376 2984 444 3025 non
474 2964 604 3045 vigere3
645 2961 807 3027 haeresim
841 2983 921 3026 vero
958 2962 1101 3025 acriores
1132 2962 1242 3026 hostes

124 3077 214 3140 quam
250 3058 444 3124 Austriacos
483 3062 518 3124 in
558 3059 739 3126 Germania
782 3060 873 3125 haud
918 3069 1089 3145 expertam
1127 3061 1240 3126 fuisse.

122 3153 232 3219 Plures
260 3155 348 3240 leges
380 3158 694 3244 emendationesque
724 3159 906 3243 evulgavit,
938 3179 1078 3242 quarum
1110 3157 1241 3244 aliquae

121 3262 151 3313 ut
172 3275 192 3317 a
209 3252 277 3317 solo
290 3257 434 3318 auctoris
451 3255 588 3321 consilio
605 3267 786 3341 conceptae
799 3257 941 3337 fuerant,
967 3257 1013 3319 ita
1029 3257 1241 3340 postmodum

120 3352 240 3413 auctori
280 3355 473 3436 superstites
508 3375 575 3417 non
604 3355 714 3418 fuere:
754 3356 839 3418 inter
876 3375 931 3417 eas
969 3366 1104 3418 aeterna
1141 3355 1241 3420 laude

120 3445 253 3530 dignum
271 3450 414 3513 Paulum
439 3451 550 3515 reddit
573 3457 597 3516 s!
614 3453 844 3537 Inquisitionis
866 3450 1023 3531 tribunal,
1049 3451 1137 3536 quod
1152 3451 1240 3517 illius

119 3546 234 3625 studio,
259 3556 291 3609 et
314 3557 413 3611 antea
436 3572 495 3634 per
508 3549 687 3613 consiliarii
712 3551 953 3629 auctoritatem,
985 3559 1016 3612 et
1044 3561 1158 3634 postea
1182 3573 1241 3636 per

118 3644 275 3728 principis
291 3655 488 3728 potestatem
513 3650 708 3728 exercentis,
733 3657 905 3733 acceptam
928 3647 1029 3711 refert
1042 3647 1139 3711 Italia
1163 3671 1183 3712 a
1206 3672 1240 3713 se

118 3751 277 3805 servatam
316 3741 394 3806 fidei
427 3746 719 3830 integritatem.“¹)
758 3781 801 3792 -
842 3744 1021 3826 „Pontifex
1060 3746 1239 3830 angoribus

120 3837 262 3923 undique
286 3839 438 3905 obsessus
463 3864 704 3928 oppressusque
728 3845 895 3926 octoginta
911 3853 1053 3926 quatuor
1075 3864 1238 3907 annorum

118 3956 212 4001 onere
244 3942 343 4003 cessit
366 3951 507 4004 naturae
531 3940 584 4004 die
610 3941 669 4005 18⁰
693 3941 835 4024 Augusti
860 3963 889 4005 a.
917 3941 1013 4005 1559.
1040 3993 1047 4007 .
1073 3992 1079 4007 .
1106 3995 1112 4008 .
1139 3942 1237 4006 Morti

117 4038 319 4122 propinquus
338 4037 531 4103 Cardineles
555 4041 678 4102 accivit
702 4049 734 4102 et
757 4039 866 4103 studio
884 4061 923 4102 ac
939 4061 1020 4102 voce
1036 4040 1237 4124 moribundi,

119 4169 328 4182 -ξ-..η

189 4251 208 4318 ¹)
227 4249 357 4304 Pallavic.
378 4249 409 4307 L.
428 4249 502 4307 XIV.
522 4250 550 4306 0.
570 4249 618 4305 ΙΧ.
638 4266 663 4306 n.
684 4253 709 4308 5.

1252 676 1279 714 de
1295 677 1366 716 Panlo
1374 677 1414 718 IV.
