3288 4900
493 467 607 521 Concilii
626 467 750 534 periodus
769 466 855 534 prima
1016 495 1019 499 ·
1186 467 1236 522 101

131 611 225 695 plures
247 613 393 697 episcopi
417 611 569 675 hortante
593 610 755 674 Pontifice
779 611 967 674 Bononiam
990 632 1120 675 venere.
1170 608 1237 673 Sed

130 711 270 773 remansit
282 710 434 774 Tridenti
449 711 597 773 Pacecus
614 707 802 773 Cardinalis
826 730 902 772 cum
919 710 1084 794 episcopis
1101 707 1236 772 Caesari

127 807 272 890 addictis3
305 808 574 893 obsequebantur
602 806 759 871 videlicet
782 806 988 892 Imperatori,
1019 807 1077 892 qui
1101 805 1237 869 transla-

129 907 236 968 tionem
268 905 475 989 illegitimam
507 928 577 969 esse
609 905 823 987 causabatur,
861 903 1094 969 abstinuerunt
1124 913 1236 967 tamen

127 1002 262 1067 Tridenti
286 1003 330 1068 ab
354 1005 540 1068 actionibus
565 1025 649 1090 quae
674 1003 847 1088 Synodum
872 1002 1076 1087 spectabant.

201 1100 254 1165 52.
303 1099 440 1166 Carolus
459 1104 493 1166 V
518 1123 619 1188 quum
645 1103 765 1165 certior
787 1100 937 1164 redditus
961 1110 1046 1164 esset
1070 1100 1111 1164 de
1134 1109 1237 1163 trans-

125 1199 233 1263 latione
259 1198 411 1284 Consilii,
436 1202 618 1284 aegerrime
642 1199 717 1262 tulit
741 1221 814 1262 eam
837 1199 959 1262 factam
984 1219 1065 1280 esse,
1091 1220 1130 1261 ac
1154 1197 1236 1282 peri·

126 1298 222 1362 culum
246 1299 322 1380 luis,
347 1320 432 1384 quae
455 1298 550 1362 brevi
576 1299 727 1379 cessavit,
754 1318 880 1361 merum
905 1306 1111 1380 praetextum
1137 1295 1237 1360 fuisse

127 1396 291 1460 contendit.
360 1397 434 1460 Duo
474 1395 631 1460 videlicet
672 1396 821 1458 animum
866 1392 1016 1458 Caesaris
1062 1392 1235 1459 feriebant.

124 1493 263 1559 Alterum
300 1495 386 1580 quod
424 1494 632 1577 intelligeret,
672 1492 856 1557 Germanos
890 1493 1037 1577 specioso
1061 1501 1235 1577 praetextu

122 1614 183 1656 earn
208 1591 382 1677 Synodum
408 1594 597 1678 rejecturos,
627 1601 663 1654 ut
686 1613 779 1676 quae.
795 1589 875 1654 alibi
901 1611 1000 1675 quam
1024 1590 1058 1653 in
1082 1587 1154 1652 loco
1178 1610 1238 1672 per

123 1693 257 1774 ipsorum
283 1693 417 1756 comitia
441 1691 618 1755 constituto
644 1689 875 1768 celebraretur,
900 1710 940 1752 ac
956 1685 1095 1773 proinde
1119 1708 1139 1749 a
1162 1707 1236 1748 con·
1320 1735 1327 1753 .

120 1801 206 1873 cepta
237 1812 297 1875 spe
329 1789 506 1853 decidebat
538 1788 740 1871 redigendae
764 1785 965 1851 Germaniae
996 1785 1039 1848 ad
1066 1782 1236 1868 religionis

119 1887 335 1970 concordiam,
360 1887 509 1972 adeoque
534 1886 575 1950 ad
593 1887 685 1970 pacis
702 1886 900 1970 imperiique
913 1885 1085 1947 unitatem.
1115 1881 1236 1961 Quam-

119 2006 210 2068 quam
233 1995 350 2070 postea
373 1987 452 2049 satis
478 1985 634 2063 constitit,
659 1983 747 2047 hanc
770 2004 863 2068 spem
887 1981 1044 2046 habuisse
1060 1980 1134 2066 plus
1151 1981 1236 2043 fron-

120 2082 202 2147 dium
228 2105 329 2167 quam
354 2083 525 2165 radicum·
550 2104 625 2145 cum
649 2083 684 2144 in
709 2089 877 2165 comperto
901 2079 1010 2160 fuerit,
1042 2100 1104 2143 nec
1127 2078 1236 2142 Prote-

119 2191 236 2244 stantes
267 2183 397 2244 tametsi
430 2180 584 2244 subactos
608 2178 753 2244 voluisse
785 2201 932 2263 unquam
957 2177 1142 2262 praeteritis
1166 2176 1236 2240 Tri·

119 2278 257 2343 dentinis
281 2278 421 2342 decretis
445 2279 683 2364 obtemperare,
709 2299 816 2362 neque
833 2287 947 2361 postea
964 2296 1063 2362 quam
1080 2272 1236 2358 Synodus

118 2376 309 2440 Tridentum
334 2378 476 2462 repetiit,
501 2377 650 2440 animum
677 2375 877 2438 conduxisse
901 2373 944 2437 ad
959 2395 1031 2436 eam
1057 2373 1236 2457 suscipien-

117 2475 186 2537 dam
212 2484 246 2536 et
269 2474 469 2538 adeundam.
514 2473 664 2537 Alterum
682 2483 751 2536 erat
774 2472 905 2556 objecta
929 2470 1092 2557 quaedam
1110 2472 1236 2555 species

117 2580 330 2656 contemptus.
377 2572 511 2636 Etenim
536 2593 637 2658 quum
663 2580 761 2634 antea
784 2579 832 2634 tot
854 2590 959 2633 annos
984 2568 1125 2633 Concilii
1155 2567 1235 2632 cele-

118 2666 216 2733 bratio
234 2680 410 2754 prorogata
433 2670 559 2749 fuisset,
585 2678 621 2732 ut
645 2667 781 2732 deloco
805 2669 864 2753 qui
881 2667 1016 2731 Caesari
1040 2666 1236 2752 probaretur

119 2769 314 2847 conveniret,
339 2789 429 2831 nunc
445 2776 581 2852 repente
605 2774 808 2851 asportatum
824 2765 1032 2845 indoluerat,
1058 2767 1140 2828 etin
1158 2763 1235 2828 sede

121 2868 163 2928 eui
186 2886 373 2949 numquam
397 2865 451 2929 ille
476 2873 685 2928 censenserat
716 2863 928 2945 collocatum,
960 2864 1060 2948 idque
1091 2884 1132 2925 ne
1163 2864 1234 2946 ipso

122 2965 246 3045 quidem
278 2967 410 3028 conscio
444 2974 477 3028 et
506 2965 541 3027 in
574 2984 632 3026 suo
657 2984 763 3048 paene
788 2972 977 3047 conspectu.
1025 2960 1236 3045 Quapropter

120 3059 294 3146 lnperator
318 3083 438 3146 magno
463 3083 538 3125 cum
563 3062 679 3146 vigore
702 3081 761 3145 per
776 3059 932 3125 Oratores
955 3081 1031 3123 suos
1047 3058 1137 3143 apud
1152 3059 1234 3121 Pon-

115 3160 233 3224 tificem
257 3163 335 3246 egit,
363 3169 401 3224 ut
424 3159 611 3224 Concilium
636 3158 833 3223 Tridentum
856 3159 989 3222 rediret.
1035 3155 1160 3226 Paulus
1182 3155 1235 3218 Ill

115 3258 270 3343 elegatis
294 3258 335 3322 de
359 3256 576 3322 translatione
601 3255 743 3321 Concilii
775 3278 815 3319 ac
847 3256 888 3319 de
920 3257 1054 3319 motivis
1085 3253 1234 3339 ejusdem

113 3359 230 3420 certior
246 3357 362 3437 factus,
384 3355 518 3420 modum
536 3355 658 3440 agendi
672 3354 857 3437 legatorum
873 3353 1073 3439 approbavit
1087 3351 1232 3437 quidem,

115 3450 199 3516 haud
224 3455 359 3517 omnino
383 3465 477 3538 grata
500 3464 612 3516 tamen
636 3453 699 3515 fuit
714 3451 797 3516 haec
812 3450 994 3532 translatio,
1019 3451 1234 3534 animumque

112 3549 181 3632 ejus
209 3549 396 3615 sollicitudo
429 3552 608 3636 occupavit
645 3549 686 3614 ob
723 3549 935 3614 difficultates
972 3571 1054 3634 quas
1091 3569 1134 3610 ex
1171 3546 1234 3609 hoc

113 3651 240 3731 negotio
272 3659 491 3732 proventuras
523 3647 750 3734 praevidebat.
798 3647 934 3712 Studuit
956 3649 1057 3731 igitur
1084 3645 1233 3709 animum

112 3743 260 3810 Caesaris
284 3745 397 3829 lenire,
429 3747 616 3828 advertens,
642 3769 684 3810 ex
707 3745 860 3809 libertate
884 3747 988 3830 ipsius
1013 3743 1139 3828 Synodi
1164 3765 1233 3806 esse

112 3852 147 3904 ut
169 3843 340 3907 translatio
365 3845 429 3908 ista
452 3846 540 3908 facta
564 3844 616 3924 sit,
648 3865 710 3906 nec
734 3845 923 3924 convenire,
948 3852 985 3906 ut
1008 3840 1163 3905 Pontifex
1187 3842 1233 3903 in-

105 3940 260 4023 jungeret
283 3941 439 4006 Patribus
462 3942 633 4006 Bononiae
657 3942 865 4026 congregatis
880 3941 1077 4004 Tridentum
1100 3939 1231 4003 reverti.

113 4035 304 4102 Curandum
339 4037 483 4120 Caesari,
523 4050 559 4102 ut
591 4038 706 4102 Patres
738 4039 795 4123 qui
820 4037 972 4102 Tridenti
1005 4046 1234 4102 remanserant

110 4134 294 4200 Bononiam
319 4137 525 4218 accederent,
565 4146 645 4200 tunc
677 4135 803 4200 ibidem
838 4136 879 4199 de
910 4135 1020 4199 reditu
1057 4133 1233 4200 deliberari

111 4253 214 4314 posse.
262 4232 327 4298 Sed
353 4235 490 4300 Carolus
514 4235 545 4297 V
576 4234 693 4298 cedere
724 4232 830 4297 noluit
853 4243 885 4297 et
908 4235 998 4298 omni
1029 4254 1093 4318 quo
1127 4233 1234 4317 potuit
