3336 4908
475 423 529 477 246
879 423 937 479 XL
957 423 997 478 De
1014 423 1192 479 Jansenismo.

313 565 458 667 mss'jjssefflssn
475 565 587 630 abbat'
564 574 644 629 tram
668 566 797 630 Portus-
788 566 894 650 -Regii
919 571 1025 649 (extra
1048 570 1171 659 muros)
1195 567 1381 649 ducebant,
1415 569 1583 632 secundun

350 689 420 730 rore..
475 663 627 748 Vergarii
651 665 825 749 principia.
874 663 944 727 Hos
968 665 1015 727 uti
1040 674 1073 727 et
1096 663 1265 749 religiosas
1287 617 1463 728 femiiras
1453 688 1489 729 111
1511 675 1583 729 utro·
1625 748 1626 751 Ἴ

476 783 540 846 qua
579 763 706 825 Portu·
722 761 825 846 Regio
872 761 1028 845 degentes
1067 760 1194 846 Siaqla'a
1237 771 1273 825 ut
1315 785 1485 827 successor
1520 761 1585 826 Var-

475 860 557 943 gerii
589 858 763 943 dirigebat.
814 859 980 922 Dimissus
1010 881 1053 922 ex
1079 859 1229 923 custodia
1258 869 1308 924 est
1334 860 1513 945 Vergarius
1542 860 1585 923 dia

476 956 514 1020 6⁰
529 955 703 1020 Februarii
720 980 750 1021 a.
768 957 863 1037 1643,
888 965 989 1042 atque
1003 967 1197 1042 prosecutus
1213 967 1270 1038 ast,
1296 959 1455 1043 quamvis
1471 957 1586 1021 viribus

386 1103 391 1110 .
475 1064 560 1117 asset
582 1053 743 1136 infirmus,
766 1075 887 1139 magno
911 1055 1028 1118 ardore
1052 1057 1171 1141 exequi
1196 1054 1334 1119 consilia
1358 1077 1429 1137 sua,
1454 1057 1587 1119 maxime

476 1153 510 1214 in
545 1152 727 1217 directione
765 1153 964 1218 animarum.
1020 1151 1085 1217 Sed
1119 1175 1185 1217 non
1224 1153 1282 1217 diu
1318 1161 1486 1238 superstas
1520 1152 1587 1225 fria
1626 1145 1627 1154 ¹

475 1249 652 1334 apoplexia
682 1251 771 1313 enim
811 1259 981 1336 correptus
1013 1249 1097 1314 obiit
1136 1251 1189 1314 die
1231 1250 1289 1314 11⁰
1319 1249 1475 1315 Octobris
1514 1250 1587 1314 illius

475 1349 555 1411 anni
582 1347 678 1412 1643.
710 1348 764 1412 Ex
787 1369 970 1434 permagna
994 1348 1201 1412 solemnitate
1225 1350 1454 1434 exaquiorum,
1479 1349 1589 1434 quibus
1627 1406 1628 1412 ,

475 1443 655 1509 adfuerunt
677 1445 788 1530 plures
812 1447 969 1530 episcopi,
1003 1447 1168 1531 apparuit,
1201 1445 1381 1509 factionem
1414 1468 1515 1531 quam
1539 1447 1587 1509 for-

475 1551 626 1605 maverat
650 1543 722 1628 jam
755 1544 985 1607 auctoritatam
1015 1564 1081 1606 non
1114 1543 1270 1627 exiguam
1301 1545 1535 1629 acquisivisse,
1565 1553 1589 1605 et
1624 1597 1625 1600 ,

475 1639 606 1703 influxu
649 1639 749 1725 hujus
789 1640 945 1705 factionis
980 1641 1079 1704 etiam
1121 1643 1251 1720 evenit,
1295 1651 1332 1704 ut
1366 1642 1521 1727 Vergerii
1553 1662 1589 1704 sa·

475 1737 670 1850 pulcrum
661 1762 696 1802 in
727 1738 867 1802 ecclesia
898 1760 923 1801 s
939 1736 1068 1802 Jacobi
1093 1738 1161 1802 cult
1148 1747 1184 1801 tu
1207 1739 1278 1802 fera
1298 1738 1465 1824 religioso,
1498 1739 1588 1802 veluti

475 1836 540 1898 viri
564 1837 681 1918 sancti,
706 1836 876 1900 coleretur.
886 1838 907 1918 ¹)

443 2002 445 2005 ,
565 1933 618 1998 34.
644 1933 698 1997 Ad
712 1933 857 1998 indolem
882 1943 915 1997 at
939 1933 1074 1997 charact
1061 1942 1164 1998 terem
1181 1933 1333 2018 Vargarii
1358 1935 1449 2021 quod
1474 1938 1587 2012 attinet,

476 2032 529 2094 vir
558 2041 629 2094 erat
658 2033 730 2116 ipse
754 2041 897 2096 staturae
922 2031 1098 2096 mediocris
1129 2032 1187 2095 sed
1210 2032 1335 2096 formae
1359 2035 1587 2109 convenientis.

475 2129 559 2192 Prae
590 2151 625 2192 sa
655 2129 784 2194 ferebat
813 2131 846 2193 in
876 2130 961 2193 facia
994 2138 1159 2193 austeram
1188 2130 1368 2215 quamdam
1394 2130 1587 2214 dignitatem,

475 2228 613 2290 vivaces
654 2226 800 2291 habebat
842 2227 969 2309 oculos,
1013 2228 1154 2292 frontem
1195 2227 1322 2312 largam
1367 2237 1400 2291 et
1438 2248 1586 2291 serenam.

397 2379 399 2384 .
476 2325 516 2387 In
549 2347 699 2389 sermone
732 2335 803 2389 arat
833 2325 963 2406 brevis,
996 2325 1170 2409 solemnis,
1204 2325 1382 2407 obscurus,
1413 2334 1447 2388 at
1478 2327 1526 2388 ita
1554 2345 1588 2386 sa·

476 2422 607 2485 veriora
637 2446 696 2486 sua
730 2432 762 2486 et
791 2423 874 2487 falsa
905 2424 1069 2508 principia
1106 2421 1146 2485 de
1178 2422 1329 2487 doctriua
1360 2431 1393 2485 et
1425 2422 1588 2510 disciplina

475 2519 674 2605 proferabat,
699 2529 735 2584 ut
758 2520 966 2585 auditoribus
989 2519 1190 2605 relinquerat
1214 2519 1417 2585 desiderium
1441 2521 1538 2605 plura
1559 2519 1588 2582 de

476 2616 529 2681 bis
562 2618 793 2702 cognoscendi.
840 2618 880 2682 In
911 2617 1080 2682 auditores
1110 2639 1189 2682 varo
1221 2618 1364 2683 asseclas
1396 2641 1477 2682 mox
1501 2618 1588 2682 domi·

475 2718 645 2780 nationem
663 2716 842 2802 quamdam
867 2714 929 2779 sibi
948 2714 1154 2797 vindicabat,
1178 2716 1224 2779 ita
1248 2725 1286 2779 ut
1308 2698 1503 2780 mirabundi
1527 2735 1587 2780 auu
1630 2716 1632 2778 i

477 2824 716 2878 venerarentur
747 2816 795 2878 uti
819 2817 930 2877 virum
955 2823 1117 2895 sanctum,
1151 2814 1301 2877 veritatis
1325 2815 1545 2879 confessorem
1565 2825 1588 2874 at

476 2911 674 2996 inspiratum
699 2913 819 2976 aDeo.
844 2912 897 2976 Ex
914 2911 1044 2975 occulta
1067 2911 1213 2997 quadam
1237 2911 1394 2999 superbia
1420 2912 1587 2998 singulares

477 3025 554 3072 suas
586 3011 759 3095 opiniones
790 3019 905 3073 contra
929 3009 1098 3073 doctrinas
1122 3012 1152 3072 ei
1177 3009 1315 3073 traditas
1340 3012 1531 3096 concepisse
1552 3010 1586 3069 vi·
1631 3061 1632 3078 ι

476 3105 583 3188 detur,
608 3129 730 3193 easque
754 3108 832 3172 dein
856 3109 891 3171 in
914 3107 1092 3172 solitudine
1106 3107 1200 3190 fovit,
1225 3129 1329 3193 eoque
1345 3107 1471 3173 direxit
1493 3107 1586 3172 studia

552 3321 571 3384 ¹)
593 3321 825 3388 ,L’entarrement
843 3336 872 3376 se
890 3319 922 3374 fit
940 3323 957 3374 e
974 3319 1003 3373 la
1015 3319 1135 3387 paroisse
1147 3321 1180 3374 da
1190 3319 1398 3387 SaintJacques
1411 3322 1448 3376 du
1458 3321 1588 3388 Faubourg

475 3416 544 3454 avec
561 3417 598 3455 un
618 3403 706 3473 grand
725 3395 850 3455 concours
869 3401 903 3454 de
921 3415 990 3469 gens
1008 3400 1041 3453 de
1060 3400 1170 3466 qualite.
1207 3400 1249 3453 La
1267 3415 1352 3454 messe
1371 3400 1417 3455 fut
1435 3401 1555 3463 celebres,
1574 3398 1586 3447 t

475 3496 507 3536 ea
526 3480 604 3548 qu'on
617 3482 666 3547 dit,
685 3498 735 3550 par
754 3482 821 3535 trois
840 3482 968 3547 eveques:
988 3481 1087 3548 pretrc,
1106 3481 1195 3534 diacre
1214 3486 1243 3534 at
1261 3480 1436 3534 sous-diacre.
1474 3476 1586 3544 mancus

475 3562 511 3615 da
529 3561 695 3628 Caumartin,
721 3562 822 3628 eveque
833 3559 985 3626 ‘d’Amians
1011 3560 1053 3613 dit
1071 3561 1097 3613 la
1115 3575 1201 3614 messa
1220 3565 1248 3613 at
1266 3559 1299 3613 fit
1317 3561 1356 3614 les
1376 3561 1534 3615 ceremonias
1550 3557 1586 3609 ds

477 3641 579 3708 prieras
604 3647 703 3697 auteur
727 3643 763 3695 du
787 3657 870 3709 corps.
908 3641 959 3695 Las
983 3644 1076 3694 autres
1095 3641 1210 3706 eveques
1229 3639 1274 3706 qui
1293 3655 1311 3706 y
1330 3640 1495 3695 assisterent
1510 3640 1586 3692 iurant

477 3721 666 3788 l’arcbeveque
695 3722 729 3776 de
754 3722 926 3786 Bourdaaux,
956 3722 995 3774 las
1021 3721 1136 3787 evequas
1160 3721 1193 3774 da
1211 3720 1335 3785 Vaianca,
1365 3721 1398 3776 de
1418 3718 1584 3779 Chalcedone,

476 3802 582 3867 d’Acre,
611 3803 635 3856 la
660 3802 801 3871 coadjutor
824 3803 859 3856 de
877 3801 1044 3857 Montauban
1064 3807 1092 3855 at
1111 3801 1239 3867 quelques
1262 3806 1355 3854 autres
1375 3817 1442 3856 avec
1460 3793 1584 3867 ungrani

477 3880 588 3935 nombre
606 3882 639 3935 de
657 3898 802 3949 personnes
821 3883 855 3936 de
873 3881 976 3948 qualite
994 3882 1027 3935 da
1045 3886 1123 3935 toute
1140 3886 1230 3948 sorta;
1250 3896 1295 3933 car
1314 3896 1382 3948 pour
1395 3880 1465 3936 faire
1483 3881 1584 3934 honneur
1631 3896 1632 3936 ι

476 3977 533 4014 aux
552 3961 680 4028 obsequas
699 3963 763 4016 d’un
781 3962 886 4016 homme
904 3963 927 4015 si
946 3961 1103 4029 important,
1122 3977 1157 4014 on
1176 3966 1223 4015 aut
1241 3960 1300 4014 soin
1313 3961 1346 4014 da
1359 3960 1583 4014 faireuneassan·
1630 3937 1632 4027 Ι

478 4040 538 4095 blee
556 4042 589 4095 de
606 4045 797 4108 consequence,
823 4044 928 4096 caste·
929 4041 987 4094 dira
1006 4042 1039 4094 de
1056 4056 1124 4110 gens
1143 4041 1180 4094 du
1198 4040 1271 4108 parti
1290 4045 1319 4094 at
1337 4040 1458 4094 d‘autras
1476 4038 1516 4106 qui
1536 4034 1582 4088 nau
1631 4030 1632 4088 l

476 4121 585 4175 etaient
603 4137 652 4188 pas
671 4137 739 4188 pour
757 4121 828 4175 faire
851 4121 912 4189 plus
931 4121 965 4175 da
982 4120 1058 4174 bruit
1076 4121 1143 4174 dans
1161 4121 1187 4174 le
1204 4120 1324 4174 monde¹
1364 4121 1463 4187 Rapin.
1481 4121 1549 4174 Mem.
1565 4112 1581 4167 Ι
