3288 4900
253 412 256 418 ’
342 511 344 516 Ι
442 431 494 486 tac
756 432 914 488 xxxviii.
935 434 973 488 nn
992 434 1110 489 anenno
1128 435 1295 494 Tridentino.

440 575 691 660 affectionis.“¹)
722 534 898 640 Caelanum
916 579 1080 662 episcopis
1103 578 1201 644 facile
1225 582 1436 645 occasionem
1451 582 1573 645 adesse

443 683 645 737 uomentem
671 695 764 738 suam
789 675 957 759 aperirent
980 676 1022 739 de
1046 675 1144 759 rebus
1167 677 1349 759 Ecclesiae,
1375 701 1415 742 ac
1438 677 1575 742 liberta-

440 780 508 834 tem
538 773 572 834 in
604 771 770 857 loquendo
801 773 940 837 nimiam
972 773 1039 837 fere
1072 775 1219 856 concedi,
1246 777 1316 861 jam
1347 777 1572 840 antecedente

442 879 588 952 tempore
620 871 827 954 experientia
858 871 1065 955 exploratum
1100 882 1178 936 erat.
1226 873 1374 937 Maxime
1399 874 1434 938 id
1459 877 1573 938 visum

440 966 548 1031 fuerat
579 969 613 1030 in
637 968 776 1032 Braccio
800 969 965 1033 Fesulano
996 971 1149 1055 episcopo
1175 970 1415 1042 audentissime
1442 975 1479 1036 in
1504 975 1573 1036 suis

442 1067 710 1130 contentionibus
732 1088 807 1130 cum
824 1066 982 1130 Montano
1002 1067 1132 1150 legato3
1157 1090 1256 1153 quem
1271 1071 1299 1133 is
1316 1080 1440 1151 tamen,
1467 1093 1572 1156 quum

441 1162 551 1227 Julius
574 1164 625 1227 Ill
650 1165 805 1230 Pontifex
829 1176 922 1245 esset,
956 1166 997 1229 ad
1023 1166 1218 1250 ampliorem
1243 1171 1474 1254 episcopatum
1501 1192 1572 1255 pro-

442 1264 556 1327 movit.
858 1291 859 1294 ¹

15 1396 27 1444 1:
89 1351 122 1450 'df'
179 1375 186 1382 ⁸
282 1355 432 1470 ῗζξρὲζὶ·
532 1361 584 1425 91.
615 1360 727 1440 Quum
753 1384 865 1425 mense
889 1362 1050 1426 Januario
1076 1362 1303 1448 a.1562jam
1328 1362 1571 1427 ultracentum

26 1450 27 1461 ¹
102 1448 120 1475 ⁴*
425 1449 556 1523 ⁸Patres
580 1459 803 1544 advenissent,
835 1460 972 1524 ulterius
1003 1459 1182 1523 solemnem
1216 1461 1400 1525 sessionum
1426 1460 1570 1525 celebra·

441 1560 566 1622 tionem
599 1579 665 1620 non
691 1557 910 1621 differendam
940 1579 1010 1621 esse
1034 1558 1153 1640 Legati
1189 1568 1399 1636 censuerunt,
1439 1578 1486 1622 ac·
1521 1560 1571 1623 die

444 1655 502 1719 18⁰
518 1655 670 1719 ianuarii
695 1656 791 1719 aeonio
809 1656 1065 1741 decimoseptimo
1082 1653 1223 1718 Concilii
1240 1655 1430 1719 Tridentini
1455 1657 1569 1721 habita

442 1762 500 1833 est,
541 1754 594 1816 cui
634 1753 855 1816 interfuerunt
893 1763 1024 1839 praeter
1048 1752 1243 1817 Cardinales
1282 1765 1315 1816 et
1346 1755 1570 1820 Mantuanum

441 1851 605 1934 Legatum
630 1860 764 1914 centum
789 1861 822 1914 et
844 1873 903 1914 sex
927 1853 1085 1937 episcopi,
1111 1862 1253 1936 quatuor
1268 1850 1408 1916 abbates
1433 1855 1569 1931 mitrati,

442 1959 583 2035 quatuor
615 1950 735 2012 summi
761 1949 976 2033 Regularium
998 1949 1195 2034 Praepositi.
1242 1949 1400 2014 Nondum
1431 1953 1571 2016 aderant

443 2047 600 2112 Oratores
626 2048 829 2132 principum,
863 2048 920 2112 sed
953 2057 1101 2133 tempore
1135 2049 1239 2133 ipsius
1262 2049 1420 2112 sessionis
1444 2051 1569 2134 primus

442 2146 589 2226 advenit,
615 2144 772 2208 videlicet
790 2143 955 2230 Georgius
971 2147 1210 2209 Drascovicius
1235 2168 1278 2209 ex
1295 2144 1441 2229 Oroatia,
1470 2148 1568 2228 Quin-

443 2243 746 2329 que-Ecclesiarum
771 2245 955 2329 episcopus,
982 2243 1106 2308 Orator¹
1118 2242 1269 2308 Caesaris
1293 2254 1462 2328 quatenus
1479 2246 1568 2308 Hun-

443 2346 556 2426 gariae
587 2343 683 2425 regis.
731 2342 771 2405 ln
803 2341 866 2406 hac
897 2344 1042 2406 sessione
1075 2340 1244 2406 decretum
1276 2340 1317 2404 de
1347 2340 1569 2423 celebratione
1632 2415 1633 2418 Ἴ

445 2438 586 2503 Concilii
615 2439 859 2524 promulgatum
894 2450 957 2522 est,
990 2461 1030 2503 ac
1063 2461 1204 2524 sequens
1225 2440 1335 2503 'sessio
1368 2441 1498 2504 indicta
1528 2440 1567 2504 ad

445 2538 533 2602 diem
558 2537 639 2600 26ῑιῐῃ
663 2537 848 2603 Februarii.
895 2537 1029 2602 Exinde
1054 2558 1143 2601 more
1168 2537 1262 2601 solito
1288 2535 1567 2622 Congregationes
1628 2525 1630 2554 ³

443 2635 614 2720 generales
654 2634 788 2699 habitae
827 2645 913 2717 sunt,
936 2635 1010 2721 ,sed
1044 2637 1153 2700 visum
1188 2646 1237 2698 est
1260 2635 1395 2717 Legatis
1435 2637 1566 2721 obsequi

444 2734 653 2820 principibus
666 2732 867 2798 Germaniae
884 2743 916 2797 et
929 2732 1068 2814 Galliae,
1086 2743 1123 2796 ut
1139 2733 1331 2816 dogmatum
1349 2733 1568 2799 discussiones

445 2841 477 2896 et
501 2832 711 2897 definitiones
735 2832 955 2897 differrentur.
996 2831 1323 2895 Animadvertebant
1334 2831 1495 2896 videlicet
1509 2833 1566 2918 ipsi

444 2932 573 3015 Legati,
599 2931 832 3017 quodcumque
856 2954 998 2995 examen
1022 2931 1111 3016 quod
1136 2933 1170 2995 in
1195 2930 1343 2994 articulis
1367 2929 1448 2995 fidei
1474 2931 1566 2994 susci

445 3041 579 3116 peretur
610 3033 697 3114 ipsos
728 3030 939 3110 adacturum,
972 3029 1016 3093 ad
1047 3031 1145 3092 citius
1179 3027 1382 3092 declaranda
1413 3037 1564 3114 tanquam

445 3130 541 3192 firma
565 3129 735 3213 superiora
764 3129 896 3192 decreta
920 3127 1128 3210 Tridentina,
1161 3128 1310 3212 adeoque
1342 3128 1445 3189 etiam
1478 3127 1565 3190 ocati-

444 3229 629 3290 mtctioocm
645 3226 784 3309 Synodi.
815 3224 900 3289 Inde
924 3225 1108 3289 adventum
1131 3225 1390 3288 Protestantium
1416 3222 1563 3308 impediri

446 3347 551 3410 posse,
577 3333 609 3387 et
623 3323 853 3388 vehementius
870 3324 993 3389 offendi
1010 3323 1248 3408 Imperatorem
1266 3331 1300 3385 et
1314 3320 1445 3385 Galliae
1461 3340 1563 3404 regem

446 3445 504 3486 seu
534 3424 683 3506 reginam
713 3432 862 3487 matrem.
909 3421 993 3485 Inde
1022 3429 1212 3506 susceptum
1242 3420 1306 3482 fuit
1342 3419 1430 3504 Opus
1454 3417 1564 3481 Iudicio

445 3520 605 3584 librorum
630 3520 882 3605 prohibitorum,
908 3519 996 3605 quod
1015 3519 1072 3582 diu
1087 3520 1202 3583 Patres
1226 3519 1414 3602 occupavit,
1440 3519 1563 3602 pariter·

447 3643 511 3706 que
536 3623 569 3683 in
584 3620 684 3684 rebus
708 3618 913 3705 disciplinam
929 3630 958 3681 et
973 3639 1073 3680 morea
1098 3615 1334 3702 spectantibuS,
1359 3611 1561 3699 subsequenti

444 3729 594 3802 tempore
619 3717 834 3782 desudarunt.
859 3754 902 3764 —
926 3715 1030 3780 Secuto
1048 3715 1282 3778 decimacctaoa
1306 3713 1422 3777 habita
1443 3722 1501 3791 est,
1523 3711 1560 3773 uti

441 3825 606 3880 statutum
646 3817 762 3896 fuerat,
804 3815 857 3879 die
897 3815 956 3878 26⁰
982 3813 1167 3892 Februarii,
1207 3814 1242 3875 in
1272 3833 1378 3896 eaque
1403 3810 1560 3874 decretum

442 3912 654 3999 >publicatum
678 3925 727 3976 est
739 3915 788 3978 De
804 3914 965 3977 libromtm¹
978 3912 1109 3992 delectu,
1133 3920 1167 3973 et
1182 3909 1297 3974 Saliae
1308 3914 1310 3919 ⁸
1320 3909 1492 3973 coriductue
1509 3926 1560 3968 om·

441 4012 609 4099 piissimus
642 4011 738 4075 datus
762 4034 820 4097 pro
846 4009 1111 4076 Protestantibus
1135 4007 1337 4072 Germaniae
1370 4017 1402 4070 et
1433 4005 1558 4070 aliarum

534 4227 593 4298 >n
615 4243 645 4290 e,
667 4225 694 4278 c.
715 4225 818 4278 xuni.
