2964 4912
333 484 387 540 334
589 483 660 538 XLI.
698 484 739 538 De
757 482 947 537 Declaratione
966 481 1038 538 Cleri
1057 482 1200 538 Gallicani.

332 650 422 693 ceses
446 627 733 692 considerarentur
763 649 803 690 ac
827 628 853 690 si
879 638 1037 690 vacarent
1061 637 1092 690 et
1116 629 1185 713 juri
1210 627 1350 712 regaliae
1373 628 1440 692 sub·

169 730 266 804 666361
276 739 313 768 0¹·
332 735 450 794 essent.
497 726 571 789 Hac
595 726 721 788 ratione
745 723 870 809 regalia
894 734 1032 788 extensa
1055 723 1117 788 fuit
1149 726 1193 790 ad
1217 735 1356 812 quatuor
1378 749 1442 811 pro·

189 793 297 832 “mun
333 825 463 888 vincias
480 822 700 908 amplissimas
725 822 952 908 (Langucdoc,
976 821 1151 906 Guyenne,
1171 823 1361 910 Dauphine,
1378 825 1445 888 Pro·

333 925 463 1004 vence,)
497 931 529 984 et
562 922 735 1005 sexaginta
759 920 926 984 dioeceses
959 918 1083 984 liberae
1111 921 1255 1004 regaliae
1288 921 1445 1007 subjectae

333 1029 419 1085 sunt.
466 1018 532 1084 Sed
557 1020 622 1084 duo
647 1018 830 1104 praesules,
855 1017 1013 1082 Nicolaus
1036 1017 1190 1082 Pavillon
1214 1018 1398 1083 Alectensis
1420 1029 1446 1081 et
1476 1037 1477 1048 ¹

333 1118 532 1182 Franciscus
556 1115 674 1181 Caulet
697 1117 927 1202 Apamiensis,
960 1116 1002 1180 ad
1026 1116 1224 1180 Pontificem
1248 1116 1446 1203 appellarunt

332 1229 366 1279 et
388 1217 457 1299 regi
482 1215 610 1279 fortiter
632 1217 834 1278 restiterunt.

423 1333 476 1397 24.
515 1331 560 1396 Ut
584 1332 708 1414 negotii
738 1329 866 1394 indoles
891 1329 1009 1394 melius
1034 1328 1255 1413 intelligatur,
1293 1331 1445 1416 quaedam

332 1428 632 1493 animadvertenda
656 1439 843 1494 occurrunt.
891 1428 994 1492 Haud
1019 1428 1222 1492 censendum
1247 1439 1306 1510 est,
1332 1431 1365 1493 in
1384 1451 1447 1492 con-

332 1528 493 1591 troversia
517 1527 558 1591 de
582 1525 706 1611 regalia
729 1528 886 1612 primarie
912 1525 953 1589 de
976 1525 1193 1610 proventibus
1216 1526 1447 1611 temporalibus

332 1625 528 1689 dioeceseon
558 1634 670 1688 actum
702 1646 791 1706 esse,
825 1623 879 1687 vel
910 1645 983 1687 eam
1008 1623 1093 1687 litem
1116 1624 1154 1687 de
1171 1625 1322 1710 pecuniis
1344 1624 1447 1688 fuisse.

331 1722 467 1786 Etenim
500 1745 520 1786 a
552 1745 576 1787 s.
606 1722 782 1786 Ludovico
815 1744 918 1807 usque
951 1721 995 1784 ad
1029 1721 1241 1785 Ludovieum
1264 1721 1353 1786 XIII
1385 1744 1446 1808 pro·

332 1831 452 1884 ventus
476 1819 524 1883 illi
541 1818 805 1884 devolvebantur
829 1841 941 1883 sacrae
959 1817 1128 1904 Capellae,
1153 1819 1351 1884 Ludovicue
1366 1819 1448 1883 XIII
1477 1843 1478 1854 ¹

332 1919 603 2002 compensatione
626 1940 741 1981 sacrae
765 1915 921 2002 Capellae
946 1916 1124 1980 constituta
1147 1917 1301 2000 sancivit,
1328 1927 1365 1980 ut
1388 1939 1447 2003 pro-

333 2025 453 2080 ventus
486 2013 532 2079 illi
564 2016 675 2079 futuro
709 2017 863 2100 episcopo
896 2024 1161 2096 reservarentur,
1198 2025 1314 2100 postea
1346 2025 1446 2080 tamen

332 2115 430 2177 tertia
462 2135 538 2198 pars
578 2135 636 2198 pro
670 2113 887 2177 conversione
927 2112 1167 2178 haereticorum
1209 2113 1445 2192 retinebatmstjt

332 2209 400 2275 Sed
432 2212 596 2296 imprimis
628 2208 759 2275 collatio
793 2209 848 2274 illa
882 2209 1119 2274 beneficiorum
1160 2232 1260 2295 quam
1300 2233 1363 2275 rex
1395 2211 1444 2274 sibi

333 2309 538 2393 vindicabat,
567 2308 646 2372 dum
671 2308 914 2372 extendebatur
938 2309 1008 2371 sine
1033 2329 1194 2372 consensu
1217 2309 1393 2373 Pontificis
1413 2307 1444 2371 ad
1478 2309 1479 2322 ¹

331 2407 493 2494 plurimas
524 2406 696 2488 ecclesias,
728 2406 951 2471 constituebat
981 2408 1218 2493 usurpationem
1248 2406 1441 2470 arbitrarier

333 2515 363 2570 et
388 2507 582 2592 flagrantem
619 2504 789 2569 laesionem
818 2506 907 2596 juris
938 2504 1099 2568 Ecclesiae
1105 2527 1117 2585 ;
1151 2514 1325 2590 praeterea
1358 2507 1436 2568 etiam

333 2604 574 2669 administratio
606 2602 663 2667 illa
695 2614 915 2689 proventuum
941 2602 1112 2686 illegitime
1140 2626 1160 2666 a
1188 2623 1265 2686 rege
1297 2601 1365 2666 sibi
1390 2605 1438 2664 vin·

332 2701 522 2767 dicabatur.
566 2701 767 2767 Continebat
798 2701 971 2764 manifeste
1010 2700 1072 2764 hoc
1102 2701 1273 2785 negotium
1305 2701 1442 2786 quaesto

329 2823 402 2863 nem
421 2799 581 2886 principii
612 2799 654 2863 de
680 2798 814 2885 juribus
838 2798 1009 2863 Ecclesiae
1041 2809 1073 2862 et
1102 2799 1144 2863 ds
1168 2809 1333 2884 potestate
1357 2801 1444 2883 regia,
1479 2833 1480 2878 t

332 2907 364 2960 et
388 2897 589 2982 simulatque
612 2896 789 2983 appellatio
814 2896 857 2960 ad
875 2895 995 2960 Sedem
1012 2896 1240 2982 Apostolicam
1264 2897 1356 2961 facta
1379 2905 1444 2975 erat,

330 3016 391 3059 rex
414 3016 492 3058 vero
517 2996 551 3059 in
575 3018 634 3060 sua
659 2995 871 3080 usurpatione
895 2993 1138 3080 perseverabat,
1163 2996 1353 3058 necessario
1374 2996 1444 3058 Pon·

330 3094 412 3157 titici
448 3093 527 3178 jura
565 3093 736 3157 Ecclesiae
784 3091 909 3156 tuenda
948 3106 1057 3171 erant,
1102 3113 1164 3155 nec
1206 3092 1319 3177 quoad
1363 3114 1445 3178 quae-

330 3193 471 3256 stionem
505 3191 661 3277 principii
693 3190 810 3253 cedere
843 3199 981 3274 poterat.
1028 3188 1187 3275 Episcopi
1212 3189 1346 3254 Galliae
1380 3210 1445 3252 varo

329 3291 428 3355 istam
467 3290 695 3375 quaestionem
736 3288 893 3374 principii
928 3288 1065 3351 minoris
1097 3287 1257 3351 videntur
1296 3287 1444 3352 momenti

330 3386 503 3468 habuisse,
538 3409 577 3451 ac
601 3389 772 3471 negotium
797 3385 878 3450 illud
912 3385 1138 3450 considerasse
1167 3394 1204 3448 ut
1227 3388 1444 3450 extensionem

330 3485 511 3571 quamdam
536 3484 724 3550 ulteriorem
748 3487 858 3569 regiae
882 3485 1052 3570 potcstatis
1076 3485 1110 3547 in
1135 3505 1187 3548 res
1204 3480 1444 3561 ecclesiasticas,

331 3585 366 3647 in
397 3605 479 3668 quas
504 3583 576 3668 jam
607 3581 848 3668 amplissimam
878 3583 1108 3646 auctoritatem
1142 3579 1339 3646 Ludovicue
1370 3601 1444 3644 exer·

329 3679 437 3746 cebat.
485 3680 586 3744 Haud
619 3680 872 3746 considerarunt
903 3690 940 3743 ut
972 3679 1097 3743 malum
1130 3687 1198 3742 tam
1231 3680 1442 3762 perniciosum

330 3780 428 3842 istam
452 3780 688 3860 extensionem,
715 3789 829 3843 contra
853 3800 952 3864 quam
967 3777 1025 3842 diu
1042 3785 1262 3858 certaverant,
1287 3776 1441 3862 quiajam

407 4009 428 4073 ¹)
447 4007 501 4061 Cfr.
527 4023 595 4074 quae
620 4008 688 4063 dicit
706 4008 745 4063 Le
762 4007 863 4062 Tellier
887 4008 915 4062 in
935 4007 1058 4062 comitiis
1083 4023 1107 4063 a.
1129 4005 1214 4070 1681,
1240 4002 1440 4061 Procas-verba!

328 4087 355 4144 d.
375 4086 400 4138 d.
421 4089 444 4143 l.
464 4087 531 4140 Maii
553 4089 634 4154 1681,
655 4095 684 4143 et
702 4089 806 4142 Charon
825 4089 899 4157 regis
917 4094 1068 4156 promotor,
1097 4086 1302 4140 Preces-verhal
1321 4088 1345 4142 d.
1364 4087 1386 4142 d.
1405 4083 1439 4137 rt

330 4167 489 4221 Novembris
511 4170 593 4234 1681,
618 4185 652 4237 ap
680 4169 794 4236 boysen,
814 4185 839 4236 p.
861 4172 884 4223 ῖ.
922 4168 972 4222 Cui
998 4173 1128 4222 consonat
1146 4167 1335 4221 testimonium
1352 4163 1440 4219 archie-

329 4246 432 4314 piscopi
445 4247 694 4316 Gratianopolitani
708 4249 865 4319 (Grenoble)
879 4249 1032 4303 Cardinalis
1045 4249 1084 4302 Le
1096 4247 1203 4312 Carnus,
1223 4245 1288 4301 ibid.
1301 4263 1326 4314 p.
1340 4248 1362 4300 8.
1375 4249 1438 4297 nota.
