3288 4900
481 425 533 478 164
773 420 930 476 XXXVIII.
951 420 990 473 De
1009 418 1127 473 Concilio
1146 419 1315 476 Tridentino,

481 569 515 630 in
540 567 690 631 doctrina
714 565 756 629 de
780 573 985 633 sacramento
1010 563 1146 628 Ordinis
1171 565 1271 627 etiam
1295 562 1358 627 hoc
1383 565 1425 628 de
1448 587 1481 627 re
1498 563 1600 627 Oano—

480 687 557 729 nem
582 663 706 749 (vlu)-
727 663 836 728 edere.
883 665 916 727 Is
940 685 959 726 a
984 660 1154 725 Cardinali
1180 661 1385 748 Lothuringo
1409 663 1470 726 ,his
1493 662 1602 726 verbis

482 763 668 851 propositus
699 773 778 847 erat,
810 771 847 825 ut
877 762 1050 825 damnaret
1081 783 1155 824 eum
1189 762 1244 846 qui
1271 762 1395 825 diceret
1421 764 1543 826 Petrum
1565 783 1604 822 er

481 863 680 926 iustitutioue
709 858 828 925 Christi
849 860 985 945 primurn
1009 860 1092 922 iuter
1115 858 1286 945 Apostolos
1308 882 1373 923 riou
1387 859 1505 945 fuisse,
1528 881 1601 922 suut·

481 981 621 1046 mumque
645 960 747 1046 e'psius
778 959 957 1035 Vicuriuru;
980 981 1035 1021 uec
1058 979 1180 1020 uecesse
1205 979 1269 1020 esse
1292 959 1327 1021 iu
1346 957 1490 1021 Ecclesia
1513 979 1603 1020 uuum

483 1081 547 1124 esse
571 1080 747 1144 supremum
768 1055 955 1139 Pontificem,
981 1056 1069 1118 Petri
1092 1060 1297 1119 successorem
1321 1057 1408 1140 eique
1441 1076 1551 1142 porciu
1572 1056 1603 1116 io

483 1157 669 1222 auctoritate
692 1154 832 1239 rependi,
864 1163 955 1239 atque
979 1154 1014 1216 iu
1037 1155 1185 1217 Romana
1209 1152 1290 1218 Sede
1322 1158 1389 1242 ejus
1420 1174 1600 1217 successores

483 1255 527 1319 acl
549 1255 604 1317 hoc
626 1275 722 1337 usque
746 1263 866 1336 tempus
888 1273 952 1314 uou
966 1248 1111 1314 hahuisse
1127 1254 1184 1338 jus
1193 1252 1357 1337 primatus
1373 1251 1408 1314 iu
1424 1251 1604 1328 Ecclesiall

482 1353 607 1417 Romae
631 1360 742 1414 autem
767 1351 1010 1427 existimarunt,
1039 1350 1174 1412 omnino
1200 1350 1392 1413 retinendas
1417 1371 1487 1413 esse
1511 1370 1604 1412 voces-

484 1473 508 1515 a.
535 1449 728 1513 Florentino
760 1446 894 1531 Synodo
921 1449 1003 1532 jam·
1027 1448 1171 1510 sancitas
1202 1457 1301 1532 atque
1335 1448 1509 1512 Cononem
1548 1446 1603 1508 hac

483 1547 590 1611 forma
614 1544 909 1611 commendabant:
932 1543 1110 1608 Auatherua
1132 1545 1183 1625 sit,
1208 1546 1237 1608 si
1260 1547 1330 1630 quis
1346 1546 1478 1622 diruerit,
1503 1545 1600 1608 B.Pe·

486 1661 567 1713 muru
584 1668 647 1731 per
669 1645 898 1708 institutionem
917 1640 1036 1707 Christi
1057 1665 1121 1707 uou
1136 1643 1247 1728 fuisse
1264 1645 1406 1729 primum
1428 1647 1515 1707 iuter
1529 1643 1600 1728 Apo-

485 1742 582 1808 stolos
605 1753 634 1805 et
657 1746 723 1832 ejus
753 1741 921 1805 Vicuriuus·
934 1742 969 1804 iu
993 1751 1089 1818 terra,
1113 1740 1162 1804 uel
1185 1763 1307 1804 uecesse
1330 1765 1394 1806 ceu
1420 1765 1497 1820 esse,
1522 1753 1557 1804 ut
1571 1741 1600 1802 sit

485 1844 520 1906 iu
548 1839 687 1904 Ecclesia
708 1861 789 1903 uuus
817 1838 973 1918 Poutifeu,
1004 1839 1093 1901 Petri
1115 1860 1274 1902 successor
1297 1841 1384 1925 eique
1409 1839 1556 1924 aequalis
1576 1839 1602 1898 iu

487 1940 673 2030 acetositate
695 1939 877 2024 repimiuis,·
908 1947 999 2022 utque
1023 1938 1058 1999 iu
1081 1939 1231 2000 Remuria
1255 1935 1336 2000 Sede
1368 1937 1526 2024 lepitimos
1548 1940 1602 2024 ejus

487 2059 676 2102 soccessores
699 2035 743 2099 cel
765 2036 819 2098 hoc
842 2056 937 2120 usque
961 2045 1080 2120 tempus
1102 2057 1166 2098 uou
1181 2033 1327 2098 habuisse
1336 2040 1394 2123 jus
1409 2036 1603 2120 principatus

486 2137 521 2201 iu
545 2135 698 2213 Ecclesia,
721 2157 778 2196 uec
792 2133 900 2218 fuisse
924 2134 1044 2210 Patres,
1076 2134 1223 2197 Pastores
1247 2143 1277 2196 et
1299 2134 1454 2197 Doctores
1478 2131 1604 2195 omuiuu

492 2231 754 2310 Christianorum,
774 2256 830 2295 uec
838 2231 946 2316 fuisse
964 2233 1045 2318 ipsis
1064 2232 1216 2294 traditum
1234 2255 1255 2294 a
1272 2232 1315 2296 D.
1323 2232 1366 2296 N.
1378 2231 1411 2296 J.
1429 2227 1462 2294 C.
1485 2228 1605 2316 pleuuu

485 2339 676 2420 potestatem
691 2329 859 2416 pusceudi,
893 2338 923 2392 et
944 2328 1143 2415 puberuuucli
1165 2329 1340 2393 Ecclesiam
1362 2325 1603 2404 uniuersalemh)

318 2432 475 2535 ,ffeffiissfl‘ssss
584 2429 657 2492 122
705 2427 771 2492 Sed
811 2437 986 2491 moverunt
1022 2448 1147 2511 gram
1177 2427 1389 2491 difficultates
1421 2424 1604 2511 praesertin

358 2559 451 2608 agrae
496 2527 642 2612 episcopi
667 2535 698 2589 et
721 2525 865 2610 theologi
880 2523 978 2606 Galli,
1002 2547 1105 2610 quum
1129 2523 1239 2588 adhuc
1263 2524 1475 2589 inhaererent
1491 2522 1603 2608 opinio

497 2624 596 2689 nibus
620 2623 820 2709 quibusdam
843 2623 1093 2706 Basileensium,
1119 2632 1151 2686 et
1138 2621 1361 2687 tOoncilium
1386 2622 1604 2686 Florentinum

488 2745 557 2787 non
589 2724 783 2806 reciperent.
831 2721 906 2785 Non
937 2675 1158 2785 admittebant
1189 2743 1227 2784 ea
1252 2719 1370 2800 verba,
1404 2723 1507 2784 iuesse
1533 2728 1605 2804 pote·

490 2831 602 2884 statem
625 2842 742 2883 summo
765 2819 911 2902 Pontifici
932 2817 1062 2902 repeueli
1084 2818 1259 2882 Ecclesium
1283 2816 1509 2896 universalem,
1542 2836 1604 2879 cum

490 2918 546 2983 illa
577 2917 749 2982 officerent
781 2918 963 2980 sententiae
996 2918 1145 3000 neganti,
1187 2938 1262 2979 eum
1302 2937 1372 2980 esse
1412 2917 1604 3001 superiorem

410 3056 412 3059 v
492 3015 651 3097 Concilio,
666 3039 716 3079 ac
739 3015 879 3100 proinde
901 3014 973 3078 loco
988 3014 1163 3078 Ecclesiam
1186 3014 1399 3078 uuiverscleru
1424 3012 1603 3100 ponendum

491 3137 561 3178 esse
586 3137 690 3177 omues
710 3113 833 3192 fideles,
867 3124 897 3176 et
927 3134 1031 3176 omues
1054 3111 1210 3178 ecclesias.
1258 3111 1329 3176 Nec
1353 3110 1603 3183 consentiebant,

491 3222 528 3276 ut
558 3212 732 3292 diceretur,
766 3234 830 3275 esse
854 3213 1032 3274 Romanum
1055 3209 1236 3293 Pontificem
1266 3209 1428 3295 aequalem
1459 3211 1551 3272 Petro
1577 3207 1602 3266 io

492 3310 679 3375 auctoritate
703 3309 841 3394 rependi,
873 3298 1036 3393 siquidem
1068 3307 1126 3371 ubi
1159 3309 1264 3394 major
1293 3317 1342 3372 est
1370 3311 1539 3389 sanctitas,
1567 3301 1598 3366 ibi

493 3410 615 3494 pariter
647 3407 782 3472 aiebant
811 3409 1042 3470 auctoritatem
1067 3429 1136 3470 esse
1161 3406 1338 3490 majorem,
1371 3429 1411 3469 ac
1444 3414 1602 3491 propterea
1635 3461 1638 3489 ,Ἴ

493 3527 588 3592 posse
619 3505 783 3590 quaedum
814 3528 833 3568 a
862 3504 958 3568 Petro
988 3505 1117 3587 confici,
1149 3527 1235 3589 quae
1267 3503 1515 3568 successoribus
1546 3501 1603 3584 ejus
1635 3497 1640 3585 f,

494 3604 711 3688 negabantur,
752 3602 937 3688 cujusmodi
972 3612 1051 3684 eret,
1090 3601 1192 3666 libros
1232 3604 1410 3667 canonicos
1451 3593 1600 3672 dictare.³l
1635 3641 1638 3700 ξ

497 3702 617 3784 Quum,
634 3701 751 3785 Legati
776 3700 1081 3765 animadverterent
1103 3701 1318 3783 gravissimos
1343 3698 1554 3763 difficultates
1574 3712 1603 3754 eo
1635 3702 1640 3783 l

496 3800 584 3887 quod
601 3809 731 3885 praeter
747 3797 859 3863 Gallos
884 3798 992 3884 quoad
1009 3800 1238 3862 auctoritatem
1255 3798 1293 3864 R.
1312 3797 1493 3879 Pontificis,
1518 3794 1601 3858 etiarn
1635 3782 1638 3819 ¹

497 3899 638 3984 Hispani
685 3896 852 3982 praesules
890 3897 998 3981 quoad
1038 3896 1184 3960 resident
1187 3897 1251 3959 iam
1299 3903 1332 3958 el
1377 3895 1603 3958 institutionem
1639 3899 1640 3902 ’

571 4011 740 4108 ¹)Pallavic.
760 4039 790 4094 L
810 4038 924 4090 XIXc.
945 4037 992 4092 VI.
1013 4053 1038 4095 n
1058 4039 1083 4090 4.

570 4119 729 4191 ²)1bid.L
751 4118 864 4171 XIXO
844 4118 954 4172 O..XII
975 4134 1001 4173 n
1023 4120 1063 4173 ll.

572 4200 679 4269 ³)Ibid
700 4200 731 4256 L
751 4200 824 4252 XIX
846 4198 874 4254 O
894 4198 971 4254 XIII.
991 4214 1016 4251 n
1038 4200 1062 4249 7
