3288 4900
444 419 558 473 Correilii
577 419 702 487 periodus
721 420 812 473 tertia.
1139 420 1190 473 173
1427 389 1429 394 ι
1460 383 1475 388 ¹¹
1562 426 1564 463 l
1601 412 1632 461 :5³2

10 553 11 558 ἵ
77 563 207 648 amplius
221 564 378 628 Pontifex
401 584 602 649 quemquam
627 563 797 638 consulere
822 562 862 626 de
879 563 1045 647 capitibus
1070 585 1189 627 memo·
1432 623 1435 626 .
1463 637 1465 642 s
1560 638 1561 641 Ἴ

78 663 156 742 ratis,
187 685 250 726 nec
281 661 322 725 de
351 661 487 747 reliquis
520 682 605 747 quae
634 663 732 724 istinc
756 663 928 724 mittentur
952 662 986 724 in
1012 671 1189 746 posterum,
1448 719 1468 752 ·.
1534 662 1562 737 l

78 760 231 844 siquidem
257 771 346 824 certo
378 761 449 843 scit,
481 759 522 823 ob
548 761 757 842 ingeniorum
791 761 986 824 varietatem
1018 781 1188 844 nunquam
1469 759 1471 765 ’
1559 744 1561 781 l

78 880 129 921 nos
144 880 371 939 consensuros,
397 859 480 922 etin
505 857 576 921 dies
602 858 707 940 magis
732 857 968 922 dissensuros.“
1019 856 1130 937 Quum
1155 859 1189 920 iu

77 957 286 1020 antecedente
320 958 465 1019 sessione
489 953 718 1018 institutionem
741 955 983 1018 semiunciarum
1007 954 1119 1018 Patres
1144 957 1190 1018 in·

76 1052 262 1135 sulcensem,
303 1053 457 1118 Pontifex
489 1055 587 1116 etiam
612 1053 761 1136 Legatis-
782 1052 994 1136 significavit,
1029 1075 1063 1116 se
1096 1052 1190 1116 brevi

76 1151 191 1215 Romae
217 1153 433 1217 seminarium
459 1158 645 1214 erecturum
671 1172 750 1230 esse,
784 1151 833 1214 uti
859 1149 1002 1231 etfacit,
1035 1153 1191 1236 prompti·

75 1249 217 1317 tudinem
243 1253 277 1314 in
301 1250 535 1314 reformatione
559 1249 657 1312 factis
680 1249 919 1314 demonstrans.
945 1287 988 1296 -
1012 1249 1191 1313 Interarti·

75 1347 157 1411 culos
182 1347 223 1412 de
248 1349 482 1412 reformatione
506 1346 616 1432 plnres
647 1348 747 1410 etiam
779 1355 873 1410 erant-
904 1346 945 1409 de
977 1347 1191 1410 emendatione

70 1447 257 1532 principum,
283 1447 317 1510 in
343 1444 464 1531 quibus
489 1445 573 1509 nihil
593 1444 684 1508 aliud
700 1444 997 1531 praescribebatur,
1023 1447 1086 1509 nisi
1103 1446 1190 1531 quod

71 1543 190 1626 justum
215 1553 248 1608 et
271 1565 415 1629 aequum
440 1553 519 1624 erat,
544 1544 723 1628 praecipue
748 1565 789 1606 ne
814 1543 984 1607 Ecclesiae
1003 1545 1081 1629 jura
1105 1546 1190 1630 prin-

76 1641 157 1724 cipes
180 1641 362 1706 laederent.
402 1640 468 1705 Sed
485 1662 587 1725 quum
600 1642 769 1726 principes
793 1650 891 1706 antea
915 1642 1042 1725 ingenti
1059 1643 1193 1728 pietatis

76 1737 207 1803 fervore⁸
223 1739 417 1803 viderentur
453 1739 721 1803 reformationem
747 1760 873 1822 urgere,
905 1738 1102 1825 simulatque
1137 1739 1192 1804 ad·

77 1846 240 1900 verterunt
274 1839 360 1922 ipsos
393 1858 524 1922 quoque
555 1835 847 1900 reformationibus
878 1839 980 1920 tangi,
1013 1840 1133 1901 mirum
1158 1840 1193 1901 in

77 1935 204 1999 modum
230 1937 348 2000 mutati
374 1935 683 1998 vehementissimas
707 1933 959 1998 reclamationes
982 1944 1015 1997 et
1037 1945 1194 2020 protesta-

76 2032 174 2097 tiones
205 2035 401 2114 emiserunt,
440 2035 486 2096 ita
514 2041 551 2095 ut
574 2042 738 2117 postremo
763 2032 897 2116 Legatis
935 2034 1044 2096 visum
1083 2034 1192 2116 fuerit,

77 2128 200 2194 differre
225 2131 314 2194 banc
338 2132 575 2216 quaestionem.

159 2229 234 2294 133.
267 2229 358 2292 Inter
381 2227 538 2292 articulos
563 2228 708 2291 maxime
732 2227 936 2311 disputatum
962 2237 1011 2291 est
1034 2229 1192 2340 deimitis
1212 2232 1368 2346 ww
1551 2302 1553 2323 Α
1609 2246 1610 2249 ’

11 2343 12 2370 ³
78 2325 275 2392 declarandis
306 2329 518 2392 matrimoniis
554 2324 769 2390 clandestinis.
826 2325 1105 2409 Agnoscebantur
1136 2348 1193 2389 rm·
1207 2358 1367 2399 transenna
1461 2347 1464 2386 3

78 2443 185 2488 mensa
221 2424 420 2489 detrimenta
453 2447 537 2511 quae
573 2423 652 2488 inde
687 2424 920 2505 nascebantur,
954 2423 1035 2487 dum
1066 2426 1118 2487 vir
1153 2446 1195 2487 ex
1458 2483 1466 2500 ¹,
1550 2480 1552 2503 ,

78 2524 276 2605 poenitentia
293 2524 483 2609 nuptiarum
509 2545 591 2608 quas
615 2521 743 2586 occulte
768 2531 978 2586 contraxerat
1001 2521 1128 2586 illcctus
1151 2522 1194 2586 ad
1550 2516 1551 2563 l
1629 2536 1632 2595 l

78 2622 196 2702 priores
223 2621 404 2705 negandas,
431 2621 519 2706 qnod
543 2620 619 2685 illae
634 2620 768 2705 probari
784 2641 851 2683 non
867 2629 1011 2704 possent,
1035 2641 1196 2705 praeceps
1456 2617 1462 2690 ἶ
1574 2704 1575 2707 ¹
1621 2638 1631 2701 j,

79 2716 241 2789 ferebatur
264 2718 307 2782 ad
331 2719 505 2801 secundas,
530 2740 615 2805 quae
632 2741 707 2782 cum
724 2717 904 2783 honestiori
921 2717 1048 2782 familia
1062 2717 1197 2801 publice
1436 2729 1449 2742 “’
1621 2716 1622 2721 ’

79 2815 336 2882 celebrabantur.
369 2817 530 2903 Adeoque
556 2826 670 2902 postea
693 2825 872 2902 perpetuus
895 2814 1025 2879 adulter
1048 2814 1195 2898 vivebat,

79 2912 173 2978 adid
198 2924 334 2978 coactus
358 2924 427 2978 tum
451 2917 636 2980 recentium
661 2915 813 2978 affinium
836 2914 1032 2996 reverentia,
1062 2923 1132 2977 tum
1156 2935 1197 2976 ac

80 3011 175 3076 multo
208 3013 331 3076 arctius
355 3036 375 3076 a
399 3011 724 3098 praesumptionibus
758 3012 930 3075 exterioris
952 3011 1028 3093 fori,
1061 3013 1096 3075 in
1130 3033 1196 3098 quo

80 3130 175 3193 quum
200 3113 292 3196 prior
315 3120 503 3174 contractus
527 3111 617 3175 haud
642 3119 824 3196 appareret,
850 3110 1009 3194 posterior
1030 3108 1197 3192 legitimus

82 3209 290 3274 censebatur..
311 3208 442 3272 ideirco
467 3208 623 3275 Oratores
647 3207 747 3291 Galli,
772 3229 912 3293 quorum
935 3228 1038 3290 regna
1061 3208 1197 3271 fortasse

81 3304 138 3370 hoc
171 3306 421 3392 incommodum
453 3307 659 3393 frequentius
702 3307 941 3391 nocentiusque
974 3305 1196 3392 patiebantur,

82 3405 237 3488 vigesimo
270 3415 386 3490 quarto
410 3405 493 3470 Jnlii
518 3407 604 3489 regis
628 3406 762 3470 nomine
786 3426 806 3467 a
831 3402 978 3468 Concilio
1009 3402 1198 3467 solemniter

82 3504 251 3584 petierunt,
276 3512 313 3565 ut
335 3501 527 3589 hujusmodi
552 3504 763 3566 matrimonia
787 3503 820 3564 in
837 3510 1002 3586 posterum
1028 3502 1121 3564 irrita
1144 3500 1198 3564 de·

83 3610 298 3664 cernerentur.
345 3601 419 3665 Non
453 3603 585 3667 modica
615 3603 716 3685 igitur
745 3598 899 3663 efferbuit
923 3599 1102 3685 disputatio
1126 3609 1196 3663 tum

85 3695 120 3760 de
142 3697 312 3763 Ecclesiae
343 3708 513 3785 potestate,
550 3710 620 3764 tum
653 3699 694 3763 de
718 3699 962 3784 opportunitate
990 3696 1078 3760 illius
1105 3696 1197 3781 legis.

85 3793 189 3874 Quum
229 3794 344 3859 ultimo
384 3797 438 3862 die
461 3798 544 3864 Julii
583 3801 726 3884 primum
765 3795 922 3879 suffragia
957 3795 1197 3880 colligerentur,

86 3904 209 3957 centum
244 3893 464 3979 quadraginta
495 3905 636 3982 quatuor
663 3894 778 3957 Patres
808 3903 922 3957 votum
961 3893 1197 3957 affirmativum

86 4010 137 4072 pro
161 3990 323 4078 ejusmodi
349 3993 480 4058 decreto
505 3991 678 4072 dederunt,
710 3991 828 4076 reliqui
854 4012 946 4072 vero,
975 3990 1117 4076 (integer
1140 4011 1198 4055 nu-

86 4108 187 4154 merus
211 4092 350 4154 Petrum
375 4103 451 4156 erat
469 4093 536 4155 fere
561 4092 652 4172 220),
683 4090 740 4154 tali
775 4089 905 4153 decreto
939 4109 1006 4152 non
1029 4087 1199 4152 favebant.

87 4186 188 4272 Atque
223 4210 264 4251 ex
288 4190 424 4274 Legatis
461 4192 539 4275 ipsis
564 4190 688 4253 Hosius
729 4187 925 4271 (theologus)
961 4195 993 4250 et
1016 4183 1202 4249 Simonetta
