3034 4894
313 451 347 506 32
438 451 581 506 XXXVII.
600 453 641 513 De
660 451 756 506 initiis
768 467 799 506 ao
817 452 850 506 de
868 467 985 520 propag.
1003 451 1315 525 pseudoreformationis.

313 594 430 675 fuisse,
471 617 654 680 congruum
694 617 775 676 esse,
814 605 850 658 ut
885 597 984 659 etiam
1025 597 1095 680 ipse
1126 597 1276 682 Lipsiam
1302 598 1441 661 veniret.

314 693 427 774 Quum
453 715 552 778 opera
576 692 711 776 Georgii
741 693 837 758 ducis
861 693 1027 758 Saxouiae
1051 693 1186 758 obtenta
1209 695 1345 759 tandem
1372 717 1440 780 per-

314 793 426 856 missio
439 801 524 855 esset
537 792 774 875 Lipsiensium‚
791 791 826 855 id
840 791 893 856 die
906 791 1148 856 19⁰Februarii
1165 793 1293 857 Eekius
1310 795 1441 878 scripsit

314 889 462 954 Luthero
478 889 668 970 advertens,
694 889 852 954 selectum
868 911 938 952 esse
955 889 1044 955 diem
1060 891 1142 952 27⁰¹¹¹
1157 890 1252 954 Junii
1270 912 1328 975 pro
1347 891 1440 953 initio

315 988 559 1072 disputationis,
594 986 701 1050 Addit
724 1009 821 1050 vero:
864 984 970 1070 „Cum
995 996 1105 1052 autem
1132 986 1380 1053 Carolostadius
1404 989 1442 1051 sit

314 1095 540 1170 propugnator
570 1095 656 1167 tuus,
697 1096 731 1148 tu
766 1107 844 1149 vero
868 1084 1063 1170 principalis
1092 1088 1225 1164 existas,
1266 1088 1323 1172 qui
1361 1086 1441 1149 haec

314 1184 471 1267 dogmata
501 1205 560 1268 per
583 1181 799 1247 Germaniam
835 1184 1016 1264 seminasti,
1053 1206 1138 1269 quae
1170 1205 1242 1247 meo
1274 1206 1381 1268 parvo
1413 1191 1441 1246 et

314 1281 393 1346 exili
413 1279 543 1367 judicio
574 1281 658 1345 falsa
682 1291 714 1344 et
738 1303 875 1345 erronea
903 1291 1079 1366 apparent:
1112 1305 1208 1368 quare
1239 1285 1388 1346 convenit
1416 1291 1441 1344 et

315 1393 344 1448 te
366 1377 444 1443 illuc
467 1381 583 1458 uenire,
615 1389 644 1442 et
675 1377 723 1442 oei
748 1389 802 1443 tua
827 1381 909 1443 tueri
931 1379 981 1444 vel
1003 1391 1114 1444 nostra
1137 1381 1329 1466 improbare.
1379 1380 1440 1446 Sed

315 1499 414 1565 quam
440 1476 569 1558 vellem,
602 1487 638 1540 ut
670 1475 759 1547 hunc
791 1478 938 1541 animum
973 1477 1164 1561 deponeres,
1195 1488 1227 1542 et
1252 1477 1332 1544 Sodi
1358 1479 1440 1563 Apo-

315 1576 449 1640 stolicae
488 1587 520 1638 te
560 1597 619 1660 per
657 1576 769 1638 omnia
807 1572 1017 1638 obedientem
1063 1585 1262 1660 praestares,
1310 1577 1440 1641 audires

315 1673 507 1738 LeonemX
533 1674 706 1736 Vicarium
729 1671 861 1754 Christi,
887 1695 953 1751 non
978 1695 1153 1758 quaereres
1168 1675 1439 1759 singularitatem,

316 1771 373 1837 sed
399 1771 681 1835 condescenderes
706 1773 873 1834 communi
901 1771 1073 1834 doctorum
1097 1775 1290 1854 sententiae,
1324 1784 1440 1854 eertm,

315 1870 404 1957 quod
431 1869 581 1934 Christus
612 1868 797 1932 Ecclesiam
828 1891 921 1932 suam
949 1870 1021 1955 jam
1054 1870 1309 1956 quadringentis
1349 1873 1440 1935 annis

316 1991 382 2033 non
406 1969 611 2054 permisisset
633 1969 668 2030 in
692 1969 763 2040 istis
787 1969 835 2031 uti
859 1978 895 2031 tu
920 1968 1003 2031 dicis
1028 1968 1201 2034 erroribus.
1235 1969 1342 2033 Vides
1358 1971 1439 2033 enim

316 2090 359 2131 ex
390 2065 514 2130 scheda
548 2066 776 2150 disputatoria,
817 2088 869 2128 me
903 2087 969 2129 non
998 2075 1067 2129 tam
1091 2076 1206 2130 contra
1229 2066 1438 2147 Bodenstein,

232 2249 233 2255 ἵ
317 2186 417 2252 quam
442 2176 556 2228 contra
579 2174 653 2227 tuas
678 2163 845 2227 doctrinas
878 2165 1118 2248 propositiones
1150 2165 1310 2249 posuisse.
1362 2164 1438 2228 Vale

317 2284 404 2346 ergo,
430 2263 475 2324 mi
491 2261 644 2344 Martine,
662 2273 694 2326 et
706 2283 836 2326 oremus
849 2284 907 2346 pro
921 2263 1076 2344 invicem,
1102 2272 1138 2325 ut
1154 2262 1437 2344 illuminemur.“¹)

317 2363 372 2424 Ex
406 2359 457 2423 his
482 2359 661 2442 colligitur,
700 2359 845 2424 Eckium
886 2359 1109 2442 desiderasse,
1146 2369 1182 2425 ut
1206 2361 1377 2425 Lutherus
1410 2362 1435 2422 in

319 2458 542 2543 disputatione
566 2461 636 2542 ipse
660 2469 770 2544 partes
795 2481 871 2522 suas
895 2467 1016 2542 ageret.
1079 2503 1082 2509 ι

408 2574 461 2638 32.
491 2571 620 2638 Statuto
639 2577 741 2660 igitur
762 2585 912 2660 tempore
936 2575 1115 2659 disputatio
1142 2573 1196 2639 illa
1221 2598 1347 2660 magna
1372 2597 1437 2640 cum

235 2664 253 2692 ⁸¹
319 2671 527 2735 solemnitate
550 2695 609 2756 per
634 2673 704 2736 dies
729 2673 961 2736 novemdecim
985 2672 1100 2736 habita
1125 2682 1182 2752 est,
1214 2695 1254 2737 ac
1279 2673 1438 2738 Lutherus

319 2791 444 2832 errores
481 2791 555 2832 suos
590 2772 769 2855 praecipue
817 2781 931 2834 eontra
978 2771 1155 2855 primatum
1195 2771 1233 2836 R.
1274 2771 1438 2835 Pontifieis

319 2876 431 2952 aperte
456 2867 659 2952 propalavit3
688 2869 815 2932 Eckius
841 2890 918 2932 vero
938 2868 1067 2954 judicio
1093 2871 1241 2932 omnium
1266 2868 1354 2933 bene
1378 2891 1437 2932 sen-

318 2966 472 3029 tientium
510 2965 645 3054 solidis‘
662 2968 866 3049 argumentis
903 2967 1053 3030 homines
1089 2965 1272 3030 haereticos
1311 2967 1435 3032 devicit.

319 3063 381 3127 Vel
415 3065 485 3148 ipse
516 3063 682 3128 Lutherus
714 3063 821 3127 fassus
850 3074 899 3128 est
922 3064 1128 3150 triumphum
1159 3065 1356 3146 adversarii,
1389 3063 1437 3128 sed

320 3163 431 3225 animo
472 3163 660 3226 exulcerato
701 3165 831 3244 statuit,
872 3185 948 3227 mox
984 3165 1119 3249 seriptis
1159 3185 1235 3227 suas
1273 3163 1436 3228 vindicare

320 3260 501 3344 opiniones.
553 3260 685 3323 Interim
713 3271 830 3342 tamen,
862 3262 993 3344 scripsit
1023 3259 1207 3347 Spalatine,
1243 3261 1300 3326 ille
1326 3262 1434 3349 placet,

321 3358 494 3443 triumphat
516 3368 546 3420 et
567 3367 697 3444 repnat:
720 3359 890 3421 sceldunea
914 3359 1105 3422 ediderimus
1128 3381 1185 3422 nos
1201 3371 1322 3426 nostra.
1361 3360 1437 3424 Nan
1466 3351 1470 3359 ’

320 3456 396 3540 quia
426 3454 508 3518 male
542 3456 740 3541 disputatum
771 3467 829 3538 est,
877 3455 969 3520 edam
1010 3457 1217 3521 resolutiones
1256 3458 1368 3522 denuo.
1400 3490 1435 3502 -⁶

321 3553 502 3639 Lipsienses
540 3577 616 3617 sarie
652 3577 710 3618 nos
744 3577 841 3639 neque
875 3555 1059 3618 salutarunt
1092 3576 1190 3639 neque
1213 3543 1387 3619 visitarunt
1406 3574 1436 3614 aa

320 3649 418 3714 veluti
440 3652 542 3714 hostes
564 3651 988 3732 invisissimas-habuerunt;
1010 3651 1101 3716 ilium
1124 3653 1365 3731 comitabantur,
1389 3648 1436 3714 ad·

320 3748 501 3827 haerebant,
541 3749 799 3828 convivabantur,
831 3751 1021 3829 invitabant,
1054 3751 1186 3835 denique
1211 3752 1319 3815 tunica
1349 3750 1435 3812 dona·

322 3857 433 3911 uerunt
457 3857 487 3909 et
509 3845 713 3910 saltamlotum
735 3848 941 3929 addiderunt,
975 3872 1042 3912 aum
1065 3850 1135 3934 ipsa
1163 3849 1342 3935 spaciatum
1364 3844 1435 3932 equi·

324 3954 477 4022 tauemmt,
510 3943 652 4024 breviter,
686 3946 842 4031 quidquid
868 3957 1041 4032 potuerunt
1063 3947 1098 4010 in
1122 3935 1268 4027 nostram
1295 3946 1436 4036 injuriam

398 4227 419 4300 ¹)
439 4227 563 4292 nascier,
583 4229 615 4284 R.
635 4229 667 4282 A.
686 4229 723 4282 II.
742 4229 803 4286 283.
840 4229 973 4282 Katholik
994 4231 1070 4284 1872.
1107 4229 1138 4284 T.
1159 4229 1195 4287 11.
1215 4246 1240 4297 p.
1260 4229 1320 4282 313.
