3336 4908
224 511 226 516 .
319 474 358 528 De
375 473 542 528 Jansenismi
560 472 667 541 origine
686 478 714 526 et
731 487 884 540 progressu.
1106 474 1159 526 227
1226 522 1228 526 .

62 620 151 700 ipsum
180 621 235 702 qui
268 616 352 680 haec
380 613 586 697 referebat.¹)
632 614 762 680 Ibidem
796 639 816 680 a
847 616 1006 699 Vergerio
1045 637 1160 702 propo·
1196 701 1198 707 Ι

61 716 142 777 situm
173 715 274 778 fuisse
314 726 448 778 avertere
486 715 669 798 religionem
707 714 893 778 catholicam
930 723 959 777 et
997 714 1160 777 adstruere

59 811 199 876 detornant.
209 813 235 894 ²)

134 946 180 1008 13.
228 945 318 1008 Huic
348 947 514 1031 proposito
544 954 675 1030 praeter
698 946 889 1030 episcopum
912 945 1159 1010 Nannetensem
1173 955 1321 1006 Pr0n0⁸1tum
1449 1020 1451 1029 ,

57 1040 156 1127 reliqui
188 1053 434 1124 consenserunt,
466 1065 506 1107 ac
530 1043 676 1107 maxime
699 1042 889 1107 lansenius.
936 1042 1159 1109 Observatum
1177 1024 1319 1070 ⁰⁰³⁰⁰⁹tm
1402 1026 1412 1073 v‘
1450 1076 1453 1084 ·

56 1147 150 1202 tamen
172 1140 245 1221 fuit,
271 1141 381 1205 media
405 1141 597 1206 adhibenda
621 1162 691 1203 esse
707 1141 848 1222 mitiora,
874 1140 994 1226 quibus
1008 1143 1160 1208 homines

56 1235 293 1320 disponerentur
320 1249 352 1302 et
380 1239 422 1303 ad
455 1238 535 1303 talia
569 1237 729 1323 paulatim
765 1237 1019 1318 adducerentur,
1059 1240 1160 1326 idque

54 1335 192 1398 omnibus
226 1335 403 1421 probatum
443 1337 515 1402 fuit.
578 1334 729 1415 Quatuor
772 1335 849 1399 dein
891 1337 1001 1401 media
1039 1337 1159 1402 selecta

53 1444 131 1513 sunt3
156 1434 193 1497 1⁰
205 1433 339 1498 Fideles
355 1457 528 1498 avocarea
544 1434 730 1519 frequentia
753 1443 1034 1497 sacramentorum
1049 1438 1159 1519 poeni-

52 1532 160 1594 tentiae
185 1541 217 1595 et
240 1532 471 1614 eucharistiae,
504 1531 737 1615 exaggerando
763 1530 973 1595 difficultates
997 1541 1029 1595 et
1053 1532 1161 1620 dispo.

52 1629 172 1694 sitiones
210 1632 396 1716 requisitas.
444 1630 482 1694 2⁰
504 1631 633 1694 Docere
672 1629 845 1714 populum,
885 1632 983 1694 unice
1018 1634 1158 1714 gratiam

52 1728 148 1790 omnia
173 1729 313 1812 operari,
343 1752 383 1792 ac
407 1727 577 1793 Christum
601 1749 667 1791 non
691 1749 761 1791 esse
786 1737 950 1792 mortuum
974 1751 1032 1814 pro
1057 1733 1160 1795 omni-

52 1820 110 1890 bus.
134 1826 173 1890 3⁰
190 1826 330 1890 Auferre
353 1827 512 1891 fiduciam
535 1827 571 1890 in
588 1826 766 1890 directores
781 1828 985 1907 animarum3
1010 1826 1161 1913 adeoque

50 1919 99 1984 hos
120 1924 199 1986 atris
224 1923 405 2010 depingere
429 1923 604 1988 coloribus.
651 1924 689 1986 4⁰
719 1923 905 2007 Infringere
929 1927 1159 1990 auctoritatem

50 2017 178 2085 Romani
203 2021 375 2086 Pontifiois
399 2032 431 2086 et
454 2021 633 2086 Ecclesiae.

128 2156 180 2218 14.
211 2153 310 2218 Anno
333 2155 418 2218 1756
444 2155 553 2219 editus
577 2163 626 2218 est
648 2153 732 2217 liber
755 2175 951 2237 anonymus,
976 2155 1024 2218 La
1046 2155 1166 2218 realta

48 2249 83 2312 du
92 2257 198 2339 projet
221 2253 259 2315 dc
273 2253 551 2336 Bourq-Fontot'nc
574 2253 749 2315 dtmoatrte
769 2276 834 2337 par
849 2252 1046 2332 l’ccce'catt'ou,
1070 2253 1159 2338 quod

48 2431 248 2441 5—-

46 2535 159 2605 nabent)‚
179 2534 222 2603 qu'
237 2538 254 2588 a
271 2551 350 2590 cause
368 2536 413 2590 des
423 2534 629 2590 inconvenients
648 2535 744 2589 odl’on
757 2532 876 2602 s'expose
893 2536 939 2589 des
952 2540 1032 2602 qu’on
1043 2541 1162 2591 s'amuse

46 2617 199 2671 iconduire
218 2617 265 2670 des
284 2615 381 2673 fillesf‘
417 2615 516 2683 Rapin,
534 2617 613 2670 Mem.
631 2616 653 2669 Ι.
673 2632 698 2683 p.
719 2617 778 2670 124.

109 2715 130 2784 ¹)
149 2715 185 2768 In
203 2714 294 2769 libello
307 2730 323 2767 a
335 2714 441 2768 Filleau
459 2714 532 2768 edito
550 2717 659 2768 tantum
678 2713 789 2767 litterae
807 2711 928 2767 initiales
940 2712 1081 2768 habentur.
1107 2714 1159 2768 Sed

42 2792 90 2859 jan
101 2796 200 2864 Rapin,
219 2796 240 2850 Ι.
261 2810 286 2861 p.
302 2795 352 2848 166
372 2794 418 2848 hos
431 2794 504 2848 viros
523 2793 635 2859 indicat,
655 2793 736 2848 etita
749 2793 832 2847 etiam
850 2799 1025 2847 recensentur
1036 2794 1065 2848 in
1079 2809 1160 2862 opere

45 2874 83 2927 Lu
100 2877 199 2930 rtalite'
218 2877 257 2929 da
272 2874 366 2944 projet
385 2875 418 2928 de
438 2875 694 2944 Boarp-Foatotae,
723 2873 792 2940 quod
817 2889 841 2930 a.
863 2873 930 2928 1756
949 2874 1052 2928 editum
1070 2879 1159 2929 estet

43 2955 201 3010 attribuitur
218 2955 248 3013 P.
269 2955 394 3026 Sauvage
413 2954 438 3010 S.
458 2953 484 3009 J.
506 2954 597 3022 Rapin
615 2958 707 3007 tamen
726 2952 882 3007 confusione
900 2953 991 3020 eliqua
1009 2954 1159 3010 Amadum

43 3032 173 3101 d'Andilly
191 3035 314 3089 nominat
332 3035 488 3099 Antonium,
508 3050 590 3100 quum
609 3035 667 3102 ejm
685 3049 782 3088 nomen
802 3038 873 3088 esset
882 3033 1024 3090 Robertus.
1054 3035 1159 3089 Nomen

42 3115 150 3169 Antonii
169 3121 212 3169 est
230 3114 324 3168 fratris
334 3114 451 3182 junioris
470 3114 590 3179 Roberti,
610 3130 689 3181 quem
707 3113 842 3167 doctorem
860 3114 1009 3167 Amaldum
1027 3114 1094 3168 dicit
1105 3115 1160 3168 Ra·

42 3193 90 3258 pin,
109 3195 210 3261 quique
229 3210 246 3247 a
262 3194 427 3249 Jansenistis
446 3194 586 3249 dicebatur
604 3210 720 3262 magnus
738 3193 883 3247 Arnaldua

108 3291 130 3361 ²)
153 3290 227 3358 ,Qae
251 3290 276 3345 le
301 3292 416 3360 premier
435 3293 453 3347 J
455 3309 504 3346 een
524 3293 559 3346 du
578 3292 702 3360 Vergier,
727 3294 803 3359 apres
828 3291 905 3346 avoir
923 3291 977 3346 fait
995 3292 1162 3346 entendreb

42 3368 199 3425 lassemblee
218 3371 285 3437 qu’il
304 3372 374 3425 etait
392 3377 479 3439 temps
498 3372 607 3438 quoles
626 3377 738 3426 savants
762 3372 927 3440 pleinement
953 3372 1087 3426 illumines
1114 3372 1159 3426 de·

42 3456 221 3518 trompassent
239 3452 277 3505 les
290 3451 408 3519 peuples,
427 3492 475 3506 ...
495 3458 524 3506 et
542 3468 593 3519 que
611 3468 679 3519 pour
697 3457 741 3506 cot
759 3451 824 3506 effet
841 3468 908 3506 ceux
926 3452 972 3518 qni
991 3452 1102 3506 avaient
1120 3452 1161 3506 les

42 3531 242 3584 connaissances
256 3532 420 3585 necessaires
439 3537 468 3586 et
487 3532 526 3586 les
539 3533 642 3586 talents
654 3533 860 3600 proportionnes
870 3535 887 3584 a
896 3547 925 3586 ce
937 3533 1026 3600 grand
1038 3547 1159 3600 ouvrage

42 3608 166 3664 devaient
185 3614 284 3664 mettre
311 3610 339 3664 la
363 3612 437 3664 main
464 3626 480 3663 a
508 3610 625 3666 l'oeuvre
644 3619 673 3665 et
691 3612 761 3666 taire
785 3612 904 3679 paraitre
922 3612 949 3665 la
966 3613 1107 3680 puissunce
1126 3613 1160 3665 de

42 3687 107 3743 Dieu
125 3695 188 3743 tout
208 3695 287 3745 autre
306 3691 402 3757 qu’elle
420 3690 524 3755 n’avait
542 3693 628 3746 telate
648 3693 714 3746 dans
738 3692 810 3746 leurs
834 3693 918 3760 jours.
1038 3693 1062 3745 Il
1089 3694 1161 3746 etait

42 3771 187 3824 necessaire
206 3770 240 3824 de
258 3771 317 3825 leur
335 3771 454 3825 devoiler
477 3771 516 3825 les
534 3789 606 3840 yeux
624 3778 653 3827 et
671 3773 703 3827 de
722 3787 886 3826 commencer
912 3773 970 3826 leur
995 3772 1159 3827 instruction

42 3863 88 3914 par
105 3850 132 3903 la
150 3849 320 3904 destruction
338 3853 385 3905 des
403 3855 535 3919 mysteres
554 3853 620 3906 dont
639 3854 666 3905 la
684 3867 814 3919 croyanoe
825 3857 868 3906 est
879 3852 999 3906 illusoire
1012 3858 1041 3905 et
1052 3852 1158 3919 inutile,

42 3934 68 3981 et
85 3931 334 3997 particulierement
352 3932 422 3986 celui
441 3932 474 3987 de
492 3931 689 3997 l‘inoamation,
708 3933 754 3999 qui
766 3933 837 3986 eteit
855 3946 954 3985 comme
972 3932 999 3984 la
1011 3932 1075 3985 base
1093 3938 1121 3986 et
1133 3933 1159 3986 le

43 4007 194 4065 londement
212 4011 245 4065 de
264 4015 332 4065 tous.
365 4012 418 4066 Car
436 4015 453 4065 a
472 4013 534 4078 quoi
553 4013 613 4077 bon,
631 4012 809 4079 proposed-il,
828 4010 1060 4065 unimus-Christ
1078 4015 1112 4065 ne
1131 4017 1161 4066 et

43 4096 110 4142 mort
128 4106 195 4157 pour
213 4091 251 4144 les
270 4090 395 4156 hommes,
414 4092 460 4144 des
480 4093 562 4157 quels·
573 4093 598 4145 le
616 4091 690 4144 salut
708 4091 811 4159 dtpend
830 4091 862 4146 de
880 4091 908 4144 la
926 4094 1008 4159 grace
1026 4107 1077 4158 que
1089 4093 1159 4147 Dieu

44 4168 99 4221 leur
116 4171 210 4235 donne,
230 4170 276 4236 qui
295 4171 368 4225 seule
386 4175 429 4224 est
448 4170 557 4225 efficace
576 4176 605 4226 et
623 4173 701 4238 opere
721 4171 780 4225 leur
798 4170 885 4225 bonne
903 4187 936 4224 on
949 4171 1008 4225 leur
1019 4173 1160 4227 mauvaise

44 4245 148 4302 fortune
165 4265 234 4318 pour
251 4248 412 4308 i’eternite.“
450 4250 559 4305 Realite
578 4251 614 4304 du
632 4250 722 4319 projet
739 4251 770 4308 Τ.
791 4252 812 4305 Ι.
831 4251 862 4306 P.
882 4252 904 4312 I,
924 4251 952 4305 O.
972 4250 993 4304 I.

1002 4340 1052 4392 15*

965 4451 979 4482 Ι
