2964 4912
313 497 368 552 340
568 494 641 552 XLI.
677 496 718 550 De
736 496 926 550 Declaratione
946 496 1018 551 Cleri
1037 495 1180 554 Gallicani.

313 639 347 705 S.
364 640 529 704 Pontifice
543 639 733 726 postulavit,
759 638 968 703 obediturum
990 663 1024 704 se
1039 642 1244 726 promittens,
1269 642 1423 705 dummodo

314 737 477 803 Sanctitas
500 737 567 802 Sua
589 761 653 822 per
684 735 788 800 666166
819 748 849 802 et
877 739 1015 802 animum
1046 740 1208 804 advertere
1238 739 1423 826 dignaretur.

312 837 368 900 Ex
391 835 444 900 his
460 834 644 900 obstinatus
668 836 738 920 ejus
762 837 797 898 in
821 836 889 899 suis
904 836 1117 921 opinionibus
1141 839 1286 900 erroneis
1301 839 1426 900 animus

313 935 430 1000 elucet.

403 1033 455 1098 29.
494 1032 632 1096 Jesuitis
663 1033 837 1116 episcopus
868 1032 1080 1118 Apamiensis
1106 1033 1178 1118 jam
1210 1055 1253 1097 ex
1283 1030 1427 1117 pluribus

313 1132 409 1195 annis
432 1129 506 1194 lites
530 1140 689 1212 moverat,
714 1131 817 1193 etuti
843 1131 998 1211 diximus,
1023 1153 1051 1196 a.
1072 1131 1157 1195 1668
1181 1130 1305 1194 litteras
1330 1131 1425 1194 circu·

312 1228 397 1292 lares
434 1228 476 1292 ad
510 1228 682 1326 episcopos
715 1225 844 1291 Galliae
878 1237 991 1292 contra
1024 1250 1078 1292 eos
1117 1228 1275 1293 ediderat.
1331 1226 1426 1291 Haud

313 1325 453 1390 dubium
478 1334 536 1406 est,
561 1345 683 1408 magna
706 1335 856 1410 exparte
879 1326 1067 1390 tendentias
1081 1326 1322 1390 Jansenistioas
1344 1324 1429 1388 illius

312 1422 473 1509 praesulis
497 1443 631 1486 causam
665 1422 841 1486 simultatis
873 1423 1012 1502 fuissc.¹)
1065 1422 1255 1508 Capitulum
1287 1425 1427 1508 episcopi
1480 1501 1481 1512 ἵ

312 1520 524 1607 Apamiensis
554 1529 587 1583 et
610 1520 766 1584 Vioarius
794 1520 985 1606 capitularis
1010 1519 1104 1584 Oerle
1128 1521 1245 1584 eadem
1270 1523 1430 1606 principia
1480 1513 1481 1590 1

312 1621 333 1685 J
336 1619 537 1684 ansenistica
552 1616 662 1703 quoad
673 1617 868 1704 disciplinae
881 1620 1021 1702 rigorem
1034 1621 1081 1682 uti
1093 1619 1294 1683 Francisous
1306 1618 1429 1698 Caulet,
1479 1593 1481 1630 ⁴

311 1726 385 1804 post
409 1725 547 1780 mortem
572 1715 643 1800 ejus
667 1715 897 1801 sequebantur.
1480 1789 1481 1794 ἵ

401 1813 495 1877 Haec
520 1815 683 1876 connexio
700 1813 905 1878 Jansanismi
922 1821 954 1876 et
969 1814 1175 1876 resistentiae
1192 1812 1334 1877 duorum
1351 1816 1429 1899 epis·

312 1933 469 1998 coporum
494 1909 693 1974 elementum
714 1920 773 1990 est,
798 1910 886 1996 quod
911 1911 945 1973 in
966 1910 1230 1975 consideratione
1254 1911 1427 1976 1111666611-

312 2011 491 2076 troversiae
515 2007 637 2094 negligi
662 2031 728 2073 non
754 2008 862 2075 debet.

400 2108 453 2174 30.
494 2107 567 2170 Hac
592 2109 692 2190 igitur
706 2129 816 2170 rerum
834 2106 1023 2170 conditione
1047 2107 1086 2170 lis
1109 2107 1151 2170 (16
1167 2106 1305 2191 Regalis
1321 2129 1429 2170 versus

310 2231 340 2274 a.
367 2207 453 2272 1680
477 2206 582 2289 magis
606 2206 777 2289 magisque
806 2204 969 2268 efferbuit.
1015 2205 1215 2269 Animorum
1239 2227 1335 2269 sensa
1358 2215 1429 2290 apte

311 2304 469 2370 describit
494 2312 610 2367 auctor
633 2302 872 2366 dissertationis
895 2303 944 2365 De
972 2300 1114 2367 Comitiis
1140 2301 1231 2367 Cleri
1257 2300 1427 2379 Gallicani,

149 2399 933 2467 Τθιιῦὶθιηί(111111611161(16116611611161166611616.
983 2401 1075 2485 „Rex
1099 2399 1206 2464 alieno
1231 2422 1299 2464 non
1323 2402 1428 2464 minus
1479 2457 1480 2460 ,

177 2473 261 2512 vm
311 2503 392 2566 vitio
417 2520 516 2585 quam
534 2520 602 2581 suo,
628 2499 662 2562 in
678 2497 829 2562 eamdem
846 2498 1003 2584 abreptus
1018 2507 1066 2561 est
1083 2499 1244 2562 adversus
1261 2497 1294 2565 S.
1312 2497 1427 2563 Sedem

311 2599 540 2662 contumaciae
571 2604 603 2659 et
626 2597 821 2660 temeritatis
849 2595 999 2680 culpam,
1032 2618 1132 2681 quam
1157 2598 1228 2682 ipse
1258 2598 1292 2660 in
1318 2597 1428 2661 adver·

310 2689 404 2761 sariis
438 2695 681 2778 (lansenistis)‚
717 2716 779 2757 nec
812 2695 994 2775 immerita,
1031 2702 1098 2756 tam
1132 2693 1271 2779 indigne
1303 2693 1427 2758 tulerat.

312 2793 523 2879 Quamquam
546 2800 627 2855 tunc
649 2793 807 2877 temporis
833 2783 873 2855 de
896 2793 982 2876 regis
1002 2814 1102 2855 causa
1126 2791 1297 2878 aliquanto
1321 2794 1427 2856 mitius

305 2891 494 2977 judicatum
518 2890 625 2955 fuerit.
673 2888 766 2952 Illius
790 2891 879 2952 enim
903 2891 1020 2952 aetatis
1043 2889 1078 2953 id
1102 2889 1164 2952 fuit
1188 2890 1372 2974 ingenium,
1395 2899 1426 2952 ut

309 2989 345 3052 in
369 2986 553 3051 absolutam
576 2988 766 3072 principum
789 2987 1048 3051 dominationem
1073 2986 1260 3070 inclinaret,
1285 3011 1348 3052 1166
1362 3010 1425 3074 pro·

309 3084 388 3150 inde
420 3087 540 3149 mirum
566 3084 673 3148 videri
706 3082 821 3164 debet,
858 3086 885 3148 si
917 3084 993 3148 talis
1016 3084 1115 3168 vulgo
1140 3088 1330 3150 animorum
1362 3108 1425 3170 pro·

309 3185 423 3269 pensio
447 3184 483 3246 in
506 3181 649 3266 regaliae
674 3184 899 3264 controversia
923 3182 1096 3247 Ludovico
1121 3183 1206 3248 XIV
1230 3205 1425 3270 magnopere

308 3281 444 3366 faverit,
478 3279 511 3346 S.
536 3280 614 3346 Sodi
639 3278 814 3344 adversata
844 3280 953 3346 fuerit.
1000 3281 1076 3345 Non
1099 3303 1262 3366 negamus
1286 3282 1424 3368 quidem,
1477 3299 1478 3318 ¹

309 3379 379 3442 vim
403 3401 442 3442 ac
466 3379 640 3441 saevitiam
657 3387 771 3442 contra
795 3379 938 3443 inermes
955 3379 1141 3443 sacerdotes
1166 3379 1329 3444 dioecesis
1345 3380 1423 3465 Apa·

383 3626 404 3698 ¹)
423 3627 457 3685 In
470 3628 603 3695 Epistola
618 3627 676 3695 jam
695 3627 783 3681 citata
800 3625 917 3694 legitur:
938 3628 1025 3695 „Mgr
1038 3629 1072 3681 de
1084 3627 1214 3693 Pamiers,
1233 3628 1423 3697 n’upprourant

308 3724 397 3761 aucun
415 3707 535 3775 regulier
560 3723 629 3775 pour
646 3707 673 3760 la
692 3706 842 3760 confession
862 3722 913 3774 que
935 3723 1003 3774 pour
1020 3724 1058 3761 un
1077 3724 1127 3773 611,
1156 3707 1211 3761 afin
1229 3709 1265 3764 (16
1285 3709 1421 3763 161166111-

308 3793 384 3842 ment
402 3788 422 3841 il
441 3803 474 3842 en
487 3803 581 3854 usera;
600 3802 695 3841 encore
713 3786 808 3841 faut-il
827 3785 890 3853 qu’il
908 3787 934 3840 le
946 3788 1085 3842 connaisse
1103 3804 1171 3854 pour
1189 3786 1230 3842 lui
1243 3789 1346 3844 donner
1357 3795 1421 3843 cette

307 3867 474 3936 permission.
574 3867 653 3921 Gette
671 3865 828 3920 restrictior
855 3864 1057 3933 d'approbation
1076 3873 1118 3921 est
1137 3883 1217 3923 cause
1242 3871 1276 3924 de
1294 3870 1419 3934 beaucoup

308 3948 341 4001 de
368 3946 440 4001 bruit
457 3948 544 4014 parmi
563 3946 602 4001 les
620 3947 778 4015 Reguliers‚
802 3947 1052 4014 particulieroment
1070 3947 1109 4002 les
1127 3950 1209 4004 Pares
1228 3951 1362 4015 Jtsuitas,
1379 3948 1417 4015 qui

308 4030 356 4081 ont
379 4043 417 4080 un
436 4027 545 4095 Colltge
564 4029 581 4079 a
598 4027 733 4093 Pamiers,
762 4031 791 4081 et
809 4026 855 4094 qui
874 4027 967 4095 depuis
985 4027 1046 4081 huit
1064 4045 1113 4082 ans
1131 4034 1209 4083 n'out
1227 4046 1316 4084 aucun
1333 4026 1416 4096 emploi

307 4107 374 4160 dans
399 4122 428 4160 ce
447 4107 563 4171 diocese,
592 4110 621 4160 et
638 4107 722 4160 meme
741 4111 803 4160 sont
828 4110 1028 4173 prtsentement
1047 4123 1081 4161 611
1099 4112 1190 4176 proces
1217 4126 1284 4165 avec
1301 4111 1338 4164 lui
1358 4122 1418 4177 pour

307 4200 345 4239 un
363 4185 396 4238 de
412 4186 482 4240 leurs
501 4186 582 4240 Peras
608 4186 674 4252 qu'il
692 4203 709 4239 a
727 4187 848 4241 interdit‘
861 4203 904 4241 ces
920 4188 996 4256 jours
1013 4192 1114 4256 passes,
1134 4193 1162 4242 ot
1181 4189 1228 4255 qui
1248 4206 1282 4244 en
1300 4207 1316 4243 a
1332 4185 1414 4256 appele

266 4319 272 4328 ,
308 4264 409 4318 devant
427 4265 452 4318 le
470 4265 699 4332 Metropoliain.“
