3034 4894
274 503 291 552 4
399 499 541 559 XXXVII,
561 501 602 554 De
620 499 708 554 initiis
728 516 760 554 ac
777 501 811 553 dc
830 516 941 568 propag.
960 499 1268 568 pseudoreformationis¹

114 644 202 745 [Ἥ
213 655 257 684 ¹¹¹⁶·
276 642 365 708 illam
390 644 585 728 disciplinae
610 643 838 728 corruptelam,
864 667 962 729 quarn
976 645 1222 728 Pragmaticam
1248 642 1403 706 Sanctio-

205 735 209 745 '
275 764 351 806 nem
386 741 614 828 appellabant,
655 743 738 804 inita
771 763 847 804 cum
882 742 1061 806 Francisco
1100 764 1177 826 rege
1217 741 1405 805 concordia

274 839 430 922 abolevit,
461 861 518 924 pro
543 840 722 903 christiano
747 839 825 902 orbo
848 838 958 924 plures
982 839 1215 903 saluberrimas
1240 841 1400 902 constitu-

274 939 390 1019 tiones,
416 961 436 1002 a
449 937 582 1021 Synodo
599 937 796 1000 Tridentino
819 948 931 1022 postea
945 939 1101 1022 repetitas
1117 948 1149 1000 et
1164 937 1402 1022 amplificatas,

274 1037 309 1098 in
335 1033 483 1099 Concilio
508 1035 538 1097 V
563 1035 778 1099 Lateranensi
803 1035 1037 1120 promulgavit.
1079 1035 1206 1114 Quodsi
1233 1035 1294 1098 hoc
1311 1034 1399 1100 Con·

274 1133 387 1197 cilium
412 1135 663 1196 oecumenicum
696 1133 863 1196 uberiores
897 1155 951 1198 eos
983 1134 1108 1196 fructus
1132 1155 1198 1196 non
1223 1132 1306 1212 tulit,
1338 1137 1400 1219 qui

274 1233 493 1294 communiter
524 1231 751 1314 sperabantur,
783 1229 951 1317 (quamvis
975 1241 1007 1294 et
1031 1233 1197 1294 maximus
1228 1233 1255 1294 is
1286 1231 1399 1314 fuerit,

274 1330 363 1415 quod
395 1339 507 1392 contra
531 1329 770 1393 Basileensium
795 1339 981 1392 commenta
1011 1329 1143 1414 plenam
1168 1351 1207 1392 ac
1231 1350 1400 1393 summam

273 1428 414 1491 Romani
430 1427 600 1490 Pontificis
623 1428 851 1490 auctoritatem
874 1429 1046 1511 perspicue
1070 1426 1208 1489 tradidit
1232 1435 1265 1489 et
1287 1427 1400 1490 vindi-

274 1528 387 1607 cavit),
418 1535 601 1609 temporum
633 1526 781 1609 nequitia
812 1534 844 1588 et
872 1526 993 1610 injuria
1023 1523 1213 1588 accusanda
1237 1533 1295 1607 est,
1328 1546 1400 1588 non

191 1659 195 1680 ι
275 1624 419 1708 supremi
442 1623 585 1686 Pastoris
615 1621 777 1703 voluntas,
810 1625 877 1708 qui,
909 1634 1069 1708 quantum
1095 1623 1130 1685 in
1155 1645 1188 1685 se
1213 1631 1292 1706 erat,
1325 1644 1400 1706 gra-

275 1723 410 1785 vissima
434 1721 498 1784 illis
513 1719 667 1784 Patribus
691 1723 861 1804 proposuit
884 1722 1017 1804 negotia
1042 1720 1082 1783 de
1104 1720 1170 1783 lide
1188 1729 1220 1782 ct
1238 1720 1401 1802 moribus,

275 1820 315 1884 de
339 1819 526 1904 disciplina,
558 1819 599 1882 de
628 1818 805 1882 saecularis
830 1841 905 1885 cum
929 1817 1073 1902 regulari
1098 1817 1183 1881 clero
1210 1827 1398 1881 controver-

274 1919 340 1998 siis,
366 1918 407 1981 de
431 1917 550 1982 scholis
574 1927 607 1980 et
630 1916 671 1980 de
695 1918 812 1980 Divini
827 1916 930 1980 Verbi
955 1915 1184 2001 praeconibus,
1211 1915 1252 1978 de
1275 1915 1399 1978 Kalen·

274 2016 358 2080 darii
390 2015 531 2078 Romani
563 2016 774 2079 correctione.
821 2015 944 2096 Taceo,
984 2015 1072 2099 quod
1105 2013 1399 2098 praedecessorum

274 2114 423 2178 omniurn
454 2113 604 2176 adinstar
634 2113 845 2176 concordiam
876 2115 962 2176 inter
993 2112 1190 2175 christianos
1229 2112 1403 2196 principes

273 2214 454 2292 restituere,
480 2232 690 2274 communem
715 2211 886 2274 christiani
910 2211 1055 2275 nominis
1071 2210 1208 2289 hostem,
1234 2207 1397 2272 Selimurn

273 2309 456 2374 Turcarum
465 2319 643 2392 tyrannum
653 2307 917 2372 crudelissimum
931 2308 1118 2392 reprimere,
1143 2306 1398 2370 Emmanuelem

274 2429 430 2491 magnum
448 2407 641 2470 Lusitaniae
654 2407 776 2490 Regem
802 2428 867 2469 non
893 2407 1002 2468 minus
1026 2427 1126 2490 quam
1143 2404 1397 2470 Ferdinandum

273 2506 397 2589 Regem
430 2504 629 2568 catholicum
655 2505 792 2589 ejusque
816 2514 967 2589 nepotem
996 2514 1027 2565 et
1051 2524 1272 2566 successorem
1298 2502 1402 2568 Caro‘

272 2601 341 2665 lum
380 2604 415 2666 in
445 2601 622 2686 praeclaris
662 2602 931 2686 expeditionibus
971 2600 1273 2685 certaminibusque
1306 2605 1398 2664 omni

274 2701 371 2765 modo
391 2701 512 2786 juvare
536 2722 575 2764 ac
599 2700 720 2780 fovere,
746 2700 879 2763 demum
905 2701 939 2762 in
957 2698 1048 2762 civili
1074 2700 1262 2782 principatu
1279 2698 1396 2782 guber-

274 2799 384 2862 nando
410 2799 526 2860 miram
542 2799 753 2880 sagacitatem
779 2809 811 2860 et
834 2807 1005 2881 paternam
1021 2798 1229 2875 suavitatem,
1256 2797 1396 2879 pruden-

274 2899 354 2960 tiam
378 2896 476 2960 simul
498 2907 532 2959 ¹et
549 2898 713 2981 justitiam
739 2899 845 2960 antico
872 2896 1002 2960 foedere
1021 2897 1163 2981 jungere
1188 2894 1400 2978 populorum-

275 3015 339 3080 que
362 2993 425 3056 sibi
450 2993 656 3058 subditorum
680 2996 929 3080 prosperitatem
954 3016 1074 3077 augere
1098 2992 1252 3056 omnibus
1271 2992 1402 3057 viribus

274 3093 411 3155 adnisus
442 3103 499 3156 cst.
529 3129 572 3138 —-
606 3092 727 3156 Fateor
759 3091 913 3176 equidem
944 3093 978 3154 in
1011 3113 1048 3154 eo
1084 3092 1285 3154 Pontificatu
1318 3113 1397 3155 non-

276 3189 380 3253 nulla
400 3189 496 3253 nobis
527 3189 626 3252 hodie
658 3189 757 3253 valde
792 3189 1010 3274 displiceres
1036 3191 1155 3252 nostris
1188 3189 1341 3252 moribus
1367 3200 1401 3252 et

275 3311 295 3351 a
319 3289 482 3372 praesenti
507 3287 683 3372 disciplrna
714 3287 836 3368 aliena,
870 3299 905 3350 ut
935 3285 1175 3350 beneficiorum
1200 3286 1397 3350 ecclesiasti·

276 3407 389 3448 corum
414 3387 448 3454 in
472 3384 589 3449 iisdem
620 3387 767 3468 personis
791 3384 1049 3449 cumulationem
1073 3395 1105 3448 et
1128 3384 1252 3448 abusus
1286 3387 1399 3466 parics

276 3482 354 3545 inde
381 3483 552 3567 profectos.
600 3481 666 3546 Sed
698 3504 739 3545 ne
770 3484 879 3567 priora
902 3493 1052 3568 tempora
1076 3483 1195 3545 nostris
1219 3483 1400 3545 metiamur

277 3581 455 3661 mensuris,
487 3579 703 3663 efflagito.“¹)
751 3580 827 3644 Huc
849 3581 963 3643 referri
988 3582 1086 3644 etiam
1119 3589 1226 3665 potest
1257 3581 1398 3644 vivendi

306 3824 307 3828 ,
350 3799 371 3866 1)
391 3797 489 3852 Leonis
508 3799 532 3852 X
552 3799 581 3856 Ρ.
602 3801 637 3856 M.
656 3800 785 3868 Regesta
805 3800 916 3868 collegi-t
936 3807 964 3857 et
988 3800 1076 3854 edidit
1094 3801 1148 3854 Jos
1170 3802 1195 3857 S.
1214 3791 1298 3857 ΚΕ.
1319 3802 1400 3857 Cant.

276 3879 495 3956 Hergenrbther;
518 3879 618 3956 Fascia.
646 3881 666 3936 I.
690 3896 715 3947 p.
735 3880 812 3937 VIII.
831 3880 960 3949 Friburgi
985 3881 1059 3937 1884.
1096 3881 1188 3934 Etiam
1213 3883 1289 3934 Smne
1309 3881 1397 3934 Domi·

276 3975 327 4011 nus
345 3959 399 4012 Leo
418 3959 495 4014 XIII.
515 3959 544 4014 P.
566 3959 601 4015 II.
621 3961 694 4012 inter
711 3960 875 4027 insigniores
893 3961 1039 4014 Pontifices
1065 3961 1165 4029 optime
1190 3962 1222 4015 (le
1242 3961 1327 4014 Italia
1345 3977 1398 4013 me·

276 4039 344 4093 ritos
362 4039 520 4092 nominatim
539 4043 661 4092 recenset
678 4039 795 4093 Leonem
814 4041 846 4097 X.
887 4041 1071 4108 „Hujusmodi
1090 4041 1188 4106 inquit,
1207 4041 1398 4095 Praedeccsso·

276 4135 335 4172 rum
353 4119 512 4172 Nostrorum
530 4120 634 4184 merita,
659 4127 691 4172 ut
710 4126 821 4174 caetera
839 4119 1047 4188 praetereamus
1073 4123 1188 4175 maxime
1206 4127 1327 4175 testatur
1344 4138 1395 4174 me·

276 4199 361 4251 moria
379 4205 528 4265 temporum
546 4199 570 4255 S.
583 4198 682 4252 Leonis
692 4201 793 4268 Magni,
811 4201 959 4254 Alexandri
969 4201 1019 4266 III,
1039 4200 1189 4254 Innocentii
1201 4201 1251 4264 III,
1271 4201 1296 4256 S.
1309 4201 1352 4255 Pii
1363 4202 1397 4264 V,

275 4278 412 4332 LeonisX
431 4277 597 4344 aliorumque
610 4278 778 4354 Pontificum,
797 4297 909 4346 quorum
928 4296 1010 4348 opera
1020 4281 1063 4334 vel
1077 4280 1203 4348 auspiciis
1223 4279 1256 4332 ab
1275 4288 1397 4334 extremo
