3288 4900
469 450 521 503 114
685 421 688 429 ’
758 447 915 502 xxxvur.
934 448 975 502 ne
993 447 1113 502 consino
1131 447 1298 501 Tridentino.

302 591 448 696 863330·
558 593 609 658 68.
658 593 698 656 In
729 591 928 656 duodecima
960 602 1071 655 autem
1096 591 1236 656 Concilii
1265 593 1409 655 sessione
1434 613 1477 654 ex
1502 613 1581 654 man-

418 685 423 695 ’
467 690 544 754 dato
574 692 661 775 regis
692 690 829 753 Henrioi
858 689 1005 753 Jacobus
1028 690 1167 773 Amyot,
1199 688 1303 753 abbas
1333 688 1580 765 Bellosanensis‚

466 789 522 874 qui
547 798 661 874 postea
685 790 860 873 episcopus
884 787 1166 851 Antisiodorensis
1199 787 1272 868 fuit,
1304 786 1441 870 Synodo
1473 788 1582 851 obtulit

464 885 589 951 litteras
612 887 708 969 regis,
737 884 860 971 quibus
884 884 1000 949 eadem
1024 886 1092 948 fere
1116 884 1373 949 continebantur
1396 907 1485 971 quae
1509 887 1581 949 Pon-

464 984 545 1048 tifici
570 993 602 1047 et
626 981 862 1047 Cardinalibus
886 985 1039 1067 exposita
1067 995 1170 1046 erant.
1220 982 1331 1063 Quum
1364 985 1398 1046 in
1431 983 1582 1067 epistolae

463 1083 679 1166 inscriptione
703 1079 793 1144 haud
809 1078 960 1161 Concilii,
986 1080 1044 1143 sed
1064 1077 1239 1143 Conventus
1263 1101 1384 1144 nomen
1401 1079 1581 1149 haberetur,

463 1181 543 1244 satis
567 1181 722 1244 commoti
746 1189 824 1240 sunt
849 1178 973 1259 Patres,
1008 1187 1040 1240 et
1064 1177 1282 1241 deliberatum
1307 1188 1365 1259 est,
1389 1200 1433 1241 an
1458 1179 1582 1242 admitti

463 1287 597 1363 possent
620 1277 782 1362 ejusmodi
813 1275 951 1340 litterae.
999 1275 1190 1339 Difficultas
1223 1287 1334 1339 tamem
1368 1275 1504 1339 sublata
1534 1286 1580 1352 est,

464 1386 638 1461 postquam
653 1375 817 1457 Amyotus
841 1373 1034 1459 explicavit,
1060 1395 1178 1437 vocem
1202 1348 1292 1437 illam
1317 1395 1384 1436 non
1401 1373 1580 1438 adhibitam

464 1495 544 1554 esse,
568 1482 605 1535 ut
628 1471 754 1557 aliquid
778 1472 984 1534 auctoritatis
1008 1470 1143 1554 Synodo
1169 1471 1405 1552 detraheretur,
1432 1472 1495 1535 sed
1520 1493 1580 1534 eam

463 1571 578 1635 haberi
602 1581 639 1634 ut
662 1591 883 1654 synonymum
909 1571 1035 1633 nomini
1062 1568 1214 1633 Concilii.
1254 1569 1350 1633 Tunc
1365 1570 1497 1650 Patres,
1523 1591 1581 1654 pro-

463 1671 637 1732 testatione
652 1669 871 1733 convemiente
885 1668 1076 1753 praemissa,
1093 1666 1219 1731 litteras
1233 1669 1320 1751 regis
1332 1668 1579 1752 acceptarunt.¹l

463 1805 506 1813 -
536 1767 590 1830 Ex
623 1766 686 1830 hoc
717 1765 854 1830 dissidio
888 1767 990 1850 igitur
1020 1767 1186 1851 provenit,
1217 1776 1254 1829 ut
1283 1768 1432 1851 episcopi
1458 1764 1578 1830 Galliae

463 1865 630 1928 secundae
652 1864 788 1950 periodo
814 1861 955 1928 Consilii
979 1863 1166 1927 Tridentini
1191 1886 1257 1928 non
1273 1865 1491 1927 interessent.

553 1963 605 2026 69.
636 1962 793 2025 Proximo
817 1984 837 2024 a
861 1963 1006 2025 sessione
1030 1961 1084 2024 die
1110 1963 1162 2042 (2⁰
1186 1960 1402 2046 Septembris)
1426 1960 1581 2043 theologis

463 2059 577 2124 traditi
601 2060 735 2124 fuerumt
747 2058 878 2123 articuli
891 2081 949 2145 pro
967 2061 1112 2123 sessione
1127 2059 1257 2123 decima
1269 2062 1366 2122 tertia
1382 2057 1580 2143 exagitandi.

463 2158 577 2241 Magni
600 2157 722 2222 laboris
746 2178 812 2221 non
829 2157 893 2220 fuit
910 2178 1053 2222 canones
1070 2157 1113 2221 ad
1127 2157 1354 2221 definiendum
1367 2159 1579 2233 concinnare3

463 2255 614 2320 adhibita
638 2258 762 2341 quippe
785 2254 957 2318 Bononiae
982 2277 1061 2318 cura
1085 2277 1137 2318 res
1161 2266 1237 2340 apte
1262 2254 1456 2338 digesserat,
1489 2266 1522 2316 et
1549 2275 1580 2315 ea

463 2375 548 2439 quae
579 2352 634 2416 hic
665 2352 846 2417 sancienda
887 2363 981 2416 erant
1018 2375 1083 2417 nom
1123 2353 1262 2438 perinde
1293 2376 1326 2416 se
1358 2353 1531 2416 habebant
1552 2363 1582 2413 ut

458 2451 707 2536 justificationis
730 2450 898 2534 articulus,
923 2474 943 2514 a
967 2452 1135 2516 veteribus
1160 2449 1319 2515 Consiliis
1342 2473 1463 2536 parum
1488 2450 1581 2536 expli·
1631 2451 1635 2542 l,

463 2559 565 2632 catus,
591 2549 801 2634 breviterque
825 2571 993 2634 expensus
1016 2550 1059 2614 ad
1084 2549 1117 2612 id
1143 2572 1247 2635 usque
1271 2551 1432 2634 temporis
1454 2572 1474 2612 a
1490 2549 1581 2613 Scho-

462 2645 596 2711 lasticis.
644 2647 708 2711 Sed
744 2646 907 2711 firmanda
940 2657 1034 2711 erant
1056 2647 1287 2711 Eucharistiae
1317 2656 1581 2729 caeterorumque

462 2744 751 2809 Sacramentorum
769 2745 933 2828 dogmata,
961 2745 1138 2830 dequibus
1162 2744 1298 2809 abunde
1321 2744 1434 2808 locuta
1458 2745 1582 2808 fuerant

464 2841 650 2907 Concilium
675 2843 899 2906 Lateranense
923 2840 982 2923 IV,
1012 2841 1265 2907 Constantiense
1290 2852 1322 2905 et
1344 2842 1579 2917 Florentinum,

462 2949 496 3002 et
518 2962 538 3003 a
561 2939 774 3004 Scholasticis
808 2942 940 3026 copiose
965 2942 997 3004 in
1024 2963 1137 3005 eorum
1162 2941 1317 3026 operibus
1348 2940 1519 3024 agebatur.
1544 2976 1579 2984 -

462 3037 527 3101 Par
550 3060 620 3102 esse
644 3037 823 3101 videbatur
855 3039 897 3102 ad
928 3037 1130 3122 explendum
1155 3050 1388 3122 argumentum
1418 3039 1578 3102 doctrinae

463 3135 504 3198 de
527 3135 748 3216 Eucharistia,
774 3146 928 3214 statuere,
954 3136 1032 3220 quid
1059 3147 1144 3199 esset
1162 3137 1365 3200 credendum
1391 3138 1433 3200 de
1451 3158 1579 3200 necessr-

462 3242 529 3296 tate
552 3233 783 3298 Eucharistiae
807 3233 868 3297 sub
893 3245 1031 3319 utraque
1055 3236 1165 3320 specie
1181 3234 1371 3299 sumendae.
1402 3234 1469 3298 Sed
1484 3253 1575 3320 quum

462 3330 685 3394 Protestantes
709 3331 857 3395 nondum
882 3334 1105 3412 accessissent,
1131 3333 1337 3412 Monfortius,
1363 3332 1483 3399 Orator
1508 3331 1572 3396 Cae·

462 3429 554 3516 sa‘ris,
580 3430 685 3512 petiit,
710 3440 747 3490 ut
770 3428 833 3492 hac
857 3429 971 3494 saltem
997 3430 1164 3493 decisione
1187 3433 1299 3493 Patres
1323 3431 1574 3516 supersederent.

463 3526 587 3590 Fuerat
619 3549 748 3610 semper
771 3526 917 3611 plurium
942 3527 1189 3592 Catholicorum
1221 3531 1389 3614 persuasio
1422 3529 1575 3593 desiderio
1634 3536 1635 3603 l

462 3645 555 3708 spem
580 3624 748 3705 alentium,
781 3625 944 3710 possead
969 3636 1113 3689 veterem
1146 3625 1245 3689 fidem
1269 3629 1326 3711 qui
1350 3626 1576 3690 aberraverant

461 3723 622 3803 revocari,
654 3722 711 3786 ubi
735 3722 848 3807 aliqua
872 3744 957 3807 quae
981 3726 1141 3808 praestari
1166 3734 1300 3808 possent
1323 3724 1574 3809 indulgerentnr,

463 3829 496 3882 et
519 3822 727 3904 potissimum
750 3821 826 3903 duo,
852 3821 948 3886 laicis
972 3845 1051 3886 usus
1076 3822 1188 3886 calicis
1212 3836 1244 3886 et
1267 3821 1492 3887 sacerdotibus
1516 3841 1574 3882 ma·

463 3919 666 3981 trimonium.
711 3918 840 3983 Pluries
864 3920 990 4005 idjam
1014 3924 1218 4007 propositum
1251 3921 1369 4001 fuerat,
1401 3944 1439 3984 ac
1462 3918 1574 3982 Caesar

539 4147 559 4209 ι)
582 4146 615 4200 V.
640 4146 757 4202 Theiuer
784 4151 855 4202 Acta
880 4149 959 4208 Cone.
978 4150 1052 4206 Trid.
1071 4151 1093 4207 I.
1113 4151 1175 4205 487.
1268 4151 1430 4206 Pallaviciui
1446 4151 1477 4204 H.
1498 4151 1525 4203 0.
1545 4148 1571 4202 T.

463 4227 495 4284 L.
515 4228 564 4282 XI.
585 4227 612 4281 Ο.
632 4228 706 4281 XVI.
726 4228 816 4285 XVII.
