3336 4908
502 411 557 466 200
717 409 845 466 XXXIX.
864 410 907 464 De
923 416 1000 464 statu
1018 410 1120 465 Euclea
1138 416 1265 466 vertente
1284 427 1353 466 saco.
1373 411 1447 470 XVI.

503 542 649 617 etfama
671 552 757 616 Sixti
770 553 802 616 V
825 552 868 616 ad
892 563 1039 637 posteros
1063 556 1217 638 pervenit
1239 556 1344 618 mixta
1361 558 1464 620 varii-s
1486 556 1604 621 fabellis.

502 651 554 715 Ita
578 650 666 736 quod
690 649 830 714 relatum
848 659 907 734 est,
932 652 1041 736 ipsum
1056 651 1269 715 simulatione
1284 653 1431 738 quadam
1446 663 1478 717 et
1492 653 1606 717 fictione

502 748 704 813 infirmitatis
722 749 877 833 vitaeque
901 748 1101 814 obscurioris
1123 749 1167 813 ad
1183 750 1413 835 pontificatum
1430 751 1606 837 adspirasse,
1655 820 1656 827 χ

502 847 600 932 plane
631 846 751 911 falsum
781 855 839 911 est.
885 846 1019 912 Etenim
1051 847 1113 911 sub
1149 847 1312 932 Gregorio
1336 848 1423 913 XIII
1454 858 1607 933 propterea
1655 898 1656 902 ,

501 943 607 1026 latuit,
632 946 710 1030 quia
734 943 815 1007 huic
836 945 991 1009 Pontifici
1015 948 1126 1010 minus
1149 958 1307 1032 acceptus
1331 958 1410 1029 erat,
1436 958 1469 1011 et
1491 947 1532 1011 ad
1553 969 1608 1030 gra·

501 1045 596 1106 viora
620 1044 753 1126 negotia
776 1041 819 1106 ab
844 1045 915 1128 ipso
940 1065 1007 1108 non
1031 1044 1273 1111 accersebatur.

503 1198 505 1203 .
591 1140 644 1205 22.
669 1138 738 1204 Sub
756 1139 850 1204 Sixto
865 1140 897 1203 V
920 1163 972 1206 res
996 1141 1161 1206 catholica
1177 1143 1218 1205 -in
1242 1140 1426 1207 Germania
1449 1165 1489 1206 ac
1513 1141 1608 1225 Belgio
1655 1152 1656 1155 ’

501 1237 613 1303 felices
636 1237 756 1303 habuit
778 1258 981 1323 progressus.
1020 1239 1061 1302 Id
1083 1261 1162 1303 vero
1186 1242 1366 1325 praecipue
1391 1241 1433 1305 de
1457 1240 1521 1305 hoc
1542 1239 1608 1302 Pon·
1656 1264 1657 1267 ¹

500 1337 590 1400 tifice
614 1336 942 1401 commemorandum
966 1346 1028 1417 est,
1062 1337 1152 1423 quod
1175 1338 1498 1402 administrationem
1531 1359 1609 1419 nego·

502 1437 634 1515 tiorum,
666 1456 751 1520 quae
779 1435 966 1499 Ecclesiam
1000 1445 1161 1521 spectant,
1194 1438 1297 1500 variis
1329 1434 1610 1522 Conprcputiouilus
1653 1514 1654 1519 ἵ

503 1534 663 1597 institutis
693 1534 859 1617 sapienter
890 1533 1068 1599 ordinavit.
1103 1571 1145 1580 —
1182 1534 1389 1616 Permagnae
1418 1532 1611 1597 difficultates
1648 1588 1656 1608 „

455 1621 464 1637 ⁸
504 1630 600 1695 Sixto
623 1653 665 1694 ex
688 1630 821 1695 turbato
846 1629 976 1695 Galliae
999 1640 1087 1695 statu
1111 1631 1331 1696 obvenerunt.
1363 1631 1611 1716 Hugenottorun

504 1729 574 1794 dux
598 1738 668 1792 erat
683 1729 850 1793 Henricus
873 1750 933 1793 rex
950 1729 1131 1812 Navarrae,
1155 1728 1272 1794 haeres
1292 1731 1386 1812 regni
1402 1728 1533 1806 Galliac
1555 1735 1611 1810 post

367 1799 368 1802 Ἴ
421 1862 423 1865 -
502 1825 688 1890 Henricum
702 1827 772 1908 1113
798 1824 964 1892 Catholici
988 1849 1141 1912 proceres
1164 1827 1207 1891 ad
1232 1826 1480 1892 defendendam
1503 1825 1610 1908 religio·
1649 1901 1650 1908 ἵ

502 1945 580 1989 nem
622 1923 683 1987 sub
724 1923 867 1988 ducibus
909 1924 1035 1989 Guisiis
1081 1924 1199 1988 foedus
1248 1927 1490 1989 constituerant
1540 1918 1610 2007 quod
1649 1915 1650 1996 J

502 2023 601 2106 Lipae
624 2024 759 2086 nomine
782 2020 1045 2106 insigniebatur3
1076 2044 1137 2086 rex
1161 2044 1241 2086 vero
1265 2023 1433 2087 Henricus
1458 2023 1509 2085 III
1539 2022 1611 2102 iguo·
1649 2027 1650 2030 ’

502 2121 604 2185 vioris
636 2119 756 2185 indolis
789 2122 842 2184 vir
874 2120 1004 2184 medius
1037 2119 1199 2184 fluctabat
1233 2122 1319 2185 inter
1350 2119 1474 2205 partes.
1525 2118 1611 2198 Ligac

500 2220 603 2285 robur
644 2216 792 2282 addebat
836 2217 1001 2282 auxilium
1040 2217 1189 2303 Philippi
1227 2218 1260 2283 H
1306 2220 1395 2303 regis
1435 2216 1609 2301 Hispaniae.
1656 2238 1657 2242 ¹

502 2317 658 2382 Pontifex
688 2317 722 2378 in
754 2316 922 2402 adjunctis
953 2314 1160 2380 difficillimis
1189 2325 1350 2401 quantum
1375 2325 1507 2401 poterat
1530 2312 1611 2378 rebus
1649 2306 1650 2311 ’

501 2416 671 2499 religionis
717 2414 894 2499 providere
931 2413 1094 2479 studebat.
1152 2413 1336 2478 Henricum
1371 2415 1556 2478 Navarrum
1588 2417 1612 2471 ct

502 2514 686 2578 Henricum
701 2514 887 2598 principem
896 2511 1091 2576 Condacum
1100 2511 1369 2595 Hagenottorum
1384 2511 1486 2575 duces
1499 2507 1610 2574 anathe-

502 2620 590 2675 mate
611 2610 762 2696 perculit,
788 2612 945 2695 omnique
969 2611 1179 2673 successione
1203 2609 1247 2674 ad
1270 2632 1412 2694 regnum
1435 2619 1551 2674 exutos
1570 2605 1610 2669 dc·
1649 2610 1650 2643 ³

502 2707 652 2772 claravit.
669 2707 734 2771 Sed
742 2709 844 2772 etiam
851 2707 1096 2780 HenricumIII
1109 2716 1244 2792 propter
1259 2728 1375 2771 necem
1401 2707 1482 2771 duci
1506 2716 1536 2768 et
1551 2702 1609 2766 Car·

501 2805 606 2869 dinali
622 2805 749 2870 Guisiis
765 2804 993 2869 fraudulenter
1009 2804 1135 2869 illatam
1152 2806 1254 2869 sacris
1271 2805 1457 2871 interdixit.
1471 2843 1512 2852 -
1529 2805 1609 2868 Inter·

500 2905 610 2967 fectus
637 2903 703 2966 fuit
734 2902 902 2966 Henricus
926 2902 977 2965 ΠΙ
1010 2901 1063 2964 die
1099 2903 1136 2964 1⁰
1159 2901 1303 2986 Augusti
1335 2925 1366 2967 a.
1397 2903 1495 2983 1589,
1531 2912 1609 2983 atque

500 3011 572 3065 tum
597 3001 763 3065 Henricus
788 3001 959 3064 Navarrae
990 3022 1048 3064 rex
1073 3020 1213 3083 regnum
1238 3002 1339 3065 armis
1369 2999 1433 3064 sibi
1459 2999 1609 3065 vindicare

500 3101 595 3164 nisus
620 3107 678 3163 est.
1444 3122 1446 3126 ·
1653 3098 1656 3104 ”

591 3197 644 3260 23.
692 3196 806 3268 Sixtus
830 3195 860 3257 V
887 3196 1051 3287 'quamvis
1082 3195 1139 3258 diu
1165 3195 1459 3260 vehementissime
1490 3197 1549 3280 ipsi
1576 3212 1609 3254 re·
1649 3246 1650 3280 3

499 3297 647 3374 stitisset,
688 3303 720 3358 et
758 3294 917 3379 Hispanis
947 3294 1086 3379 junctus
1121 3293 1272 3359 subsidia
1306 3317 1366 3379 pro
1397 3294 1485 3359 bello
1517 3300 1609 3356 contra
1649 3331 1650 3356 1

500 3395 612 3478 ipsum
635 3391 782 3476 gerendo
800 3390 960 3454 dedisset:
988 3412 1091 3476 quum
1115 3391 1309 3476 religionem
1335 3396 1371 3454 et‘
1389 3390 1608 3477 rempublicam
1648 3421 1650 3439 1

501 3492 536 3554 in
561 3489 674 3554 Gallia
698 3490 781 3553 adeo
805 3487 987 3574 periclitari
1012 3488 1151 3570 videret,
1177 3489 1343 3553 Henricus
1360 3489 1413 3552 IV
1437 3511 1514 3552 vero
1537 3503 1608 3570 spen

500 3588 730 3650 conversionis
762 3586 887 3651 faceret
917 3587 1086 3673 variisque
1121 3585 1409 3650 commendaretur
1442 3583 1607 3653 virtutibus,

500 3686 671 3749 remissius
696 3707 772 3748 cum
796 3685 867 3770 ipso
892 3708 990 3770 agere
1015 3686 1125 3770 coepit
1155 3694 1187 3748 et
1217 3685 1259 3748 ad
1285 3685 1549 3750 conciliationem
1576 3682 1608 3742 in·

501 3781 627 3846 clinare
652 3784 743 3846 visus
768 3792 827 3848 est.
862 3783 946 3846 Inde
970 3783 1125 3846 Pontifex
1140 3781 1469 3846 vehementissimam
1494 3777 1607 3845 incurrit

501 3880 768 3963 indignationem
787 3882 1024 3964 Hispanorum,
1050 3882 1106 3965 qui
1124 3880 1206 3943 dum
1222 3879 1417 3964 religionem
1434 3879 1606 3944 catholicam

500 3975 1605 4064 exanimotuebantur‚propriistamcncommodissimulinhiabant

503 4085 545 4159 et,
570 4077 691 4161 rejecto
716 4076 863 4141 Henrico
880 4077 939 4158 IV,
965 4099 1008 4140 ex
1032 4075 1161 4141 Galliae
1187 4075 1434 4140 calamitatibus
1460 4095 1546 4141 suam
1567 4089 1605 4154 p0·

502 4175 642 4237 tentiam
668 4195 789 4258 augere
814 4174 1003 4259 sperabant.
1054 4174 1207 4259 Eousque
1231 4195 1424 4259 progressus
1449 4183 1497 4240 est
1511 4173 1605 4237 Orator
