<?xml version="1.0" encoding="UTF-8"?>
<!DOCTYPE html PUBLIC "-//W3C//DTD XHTML 1.0 Transitional//EN"
    "http://www.w3.org/TR/xhtml1/DTD/xhtml1-transitional.dtd">
<html xmlns="http://www.w3.org/1999/xhtml" xml:lang="en" lang="en">
 <head>
  <title>
</title>
<meta http-equiv="Content-Type" content="text/html;charset=utf-8" />
  <meta name='ocr-system' content='tesseract 3.04.00' />
  <meta name='ocr-capabilities' content='ocr_page ocr_carea ocr_par ocr_line ocrx_word'/>
</head>
<body>
  <div class='ocr_page' id='page_1' title='image "./dissertationess03junggoog_0225.png"; bbox 0 0 3336 4908; ppageno 0'>
   <div class='ocr_carea' id='block_1_1' title="bbox 142 53 151 719">
    <p class='ocr_par' dir='ltr' id='par_1_1' title="bbox 142 53 151 719">
     <span class='ocr_line' id='line_1_1' title="bbox 142 53 151 719; baseline 0 0"><span class='ocrx_word' id='word_1_1' title='bbox 142 53 151 719; x_wconf 95' lang='lat' dir='ltr'> </span> 
     </span>
    </p>
   </div>
   <div class='ocr_carea' id='block_1_2' title="bbox 111 95 121 890">
    <p class='ocr_par' dir='ltr' id='par_1_2' title="bbox 111 95 121 890">
     <span class='ocr_line' id='line_1_2' title="bbox 111 95 121 890; baseline 0 0"><span class='ocrx_word' id='word_1_2' title='bbox 111 95 121 890; x_wconf 95' lang='lat' dir='ltr'> </span> 
     </span>
    </p>
   </div>
   <div class='ocr_carea' id='block_1_3' title="bbox 37 295 45 1282">
    <p class='ocr_par' dir='ltr' id='par_1_3' title="bbox 37 295 45 1282">
     <span class='ocr_line' id='line_1_3' title="bbox 37 295 45 1282; baseline 0 0"><span class='ocrx_word' id='word_1_3' title='bbox 37 295 45 1282; x_wconf 95' lang='lat' dir='ltr'> </span> 
     </span>
    </p>
   </div>
   <div class='ocr_carea' id='block_1_4' title="bbox 103 879 112 1835">
    <p class='ocr_par' dir='ltr' id='par_1_4' title="bbox 103 879 112 1835">
     <span class='ocr_line' id='line_1_4' title="bbox 103 879 112 1835; baseline 0 0"><span class='ocrx_word' id='word_1_4' title='bbox 103 879 112 1835; x_wconf 95' lang='lat' dir='ltr'> </span> 
     </span>
    </p>
   </div>
   <div class='ocr_carea' id='block_1_5' title="bbox 121 1109 132 1792">
    <p class='ocr_par' dir='ltr' id='par_1_5' title="bbox 121 1109 132 1792">
     <span class='ocr_line' id='line_1_5' title="bbox 121 1109 132 1792; baseline 0 0"><span class='ocrx_word' id='word_1_5' title='bbox 121 1109 132 1792; x_wconf 95' lang='lat' dir='ltr'> </span> 
     </span>
    </p>
   </div>
   <div class='ocr_carea' id='block_1_6' title="bbox 299 958 457 996">
    <p class='ocr_par' dir='ltr' id='par_1_6' title="bbox 299 958 457 996">
     <span class='ocr_line' id='line_1_6' title="bbox 299 958 457 996; baseline 0 0"><span class='ocrx_word' id='word_1_6' title='bbox 299 958 356 996; x_wconf 78' lang='lat' dir='ltr'>Luc.</span> <span class='ocrx_word' id='word_1_7' title='bbox 364 958 457 996; x_wconf 86' lang='lat' dir='ltr'>Melina.</span> 
     </span>
    </p>
   </div>
   <div class='ocr_carea' id='block_1_7' title="bbox 468 392 1420 481">
    <p class='ocr_par' dir='ltr' id='par_1_7' title="bbox 468 392 1420 481">
     <span class='ocr_line' id='line_1_7' title="bbox 468 392 1420 481; baseline -0.001 -6"><span class='ocrx_word' id='word_1_8' title='bbox 468 424 521 481; x_wconf 80' lang='lat'>212</span> <span class='ocrx_word' id='word_1_9' title='bbox 691 421 819 476; x_wconf 84' lang='lat' dir='ltr'>XXXIX.</span> <span class='ocrx_word' id='word_1_10' title='bbox 839 421 879 476; x_wconf 91' lang='lat' dir='ltr'>De</span> <span class='ocrx_word' id='word_1_11' title='bbox 897 426 974 477; x_wconf 88' lang='lat' dir='ltr'>statu</span> <span class='ocrx_word' id='word_1_12' title='bbox 993 392 1085 477; x_wconf 81' lang='lat' dir='ltr'>Eccles</span> <span class='ocrx_word' id='word_1_13' title='bbox 1112 425 1238 476; x_wconf 79' lang='lat' dir='ltr'>verteme</span> <span class='ocrx_word' id='word_1_14' title='bbox 1256 435 1325 477; x_wconf 87' lang='lat' dir='ltr'>saec.</span> <span class='ocrx_word' id='word_1_15' title='bbox 1346 419 1420 474; x_wconf 85' lang='lat' dir='ltr'>XVI.</span> 
     </span>
    </p>
   </div>
   <div class='ocr_carea' id='block_1_8' title="bbox 468 564 1574 826">
    <p class='ocr_par' dir='ltr' id='par_1_8' title="bbox 468 564 1574 826">
     <span class='ocr_line' id='line_1_8' title="bbox 468 564 1574 650; baseline -0.004 -20"><span class='ocrx_word' id='word_1_16' title='bbox 468 568 597 631; x_wconf 80' lang='lat' dir='ltr'><strong>aversio</strong></span> <span class='ocrx_word' id='word_1_17' title='bbox 623 568 658 630; x_wconf 93' lang='lat' dir='ltr'>in</span> <span class='ocrx_word' id='word_1_18' title='bbox 681 566 828 630; x_wconf 86' lang='lat' dir='ltr'>Jesuitas</span> <span class='ocrx_word' id='word_1_19' title='bbox 853 574 885 629; x_wconf 89' lang='lat' dir='ltr'>et</span> <span class='ocrx_word' id='word_1_20' title='bbox 908 564 1004 629; x_wconf 87' lang='lat' dir='ltr'>favor</span> <span class='ocrx_word' id='word_1_21' title='bbox 1028 586 1092 650; x_wconf 90' lang='lat' dir='ltr'>quo</span> <span class='ocrx_word' id='word_1_22' title='bbox 1117 564 1191 650; x_wconf 87' lang='lat' dir='ltr'>Baji</span> <span class='ocrx_word' id='word_1_23' title='bbox 1223 566 1396 649; x_wconf 84' lang='lat' dir='ltr'>opiniones</span> <span class='ocrx_word' id='word_1_24' title='bbox 1420 585 1574 649; x_wconf 52' lang='lat' dir='ltr'>prosequor</span> 
     </span>
     <span class='ocr_line' id='line_1_9' title="bbox 468 661 1569 755; baseline -0.003 -28"><span class='ocrx_word' id='word_1_25' title='bbox 468 663 599 729; x_wconf 85' lang='lat' dir='ltr'>bantur.</span> <span class='ocrx_word' id='word_1_26' title='bbox 652 663 739 755; x_wconf 74' lang='lat' dir='ltr'>Nam</span> <span class='ocrx_word' id='word_1_27' title='bbox 772 684 827 727; x_wconf 90' lang='lat' dir='ltr'>eas</span> <span class='ocrx_word' id='word_1_28' title='bbox 855 663 954 748; x_wconf 86' lang='lat' dir='ltr'>juxta</span> <span class='ocrx_word' id='word_1_29' title='bbox 987 662 1155 726; x_wconf 77' lang='lat' dir='ltr'>doctrinas</span> <span class='ocrx_word' id='word_1_30' title='bbox 1187 685 1212 726; x_wconf 90' lang='lat' dir='ltr'>s.</span> <span class='ocrx_word' id='word_1_31' title='bbox 1243 661 1422 745; x_wconf 74' lang='lat' dir='ltr'>Augustini</span> <span class='ocrx_word' id='word_1_32' title='bbox 1456 671 1569 736; x_wconf 82' lang='lat' dir='ltr'>exactas</span> 
     </span>
     <span class='ocr_line' id='line_1_10' title="bbox 468 759 791 826; baseline 0.003 -1"><span class='ocrx_word' id='word_1_33' title='bbox 468 783 539 825; x_wconf 88' lang='lat' dir='ltr'>esse</span> <span class='ocrx_word' id='word_1_34' title='bbox 562 759 791 826; x_wconf 80' lang='lat' dir='ltr'>autumabant.</span> 
     </span>
    </p>
   </div>
   <div class='ocr_carea' id='block_1_9' title="bbox 468 949 1632 2215">
    <p class='ocr_par' dir='ltr' id='par_1_9' title="bbox 468 949 1632 2215">
     <span class='ocr_line' id='line_1_11' title="bbox 558 949 1571 1040; baseline 0 -22"><span class='ocrx_word' id='word_1_35' title='bbox 558 954 611 1020; x_wconf 84' lang='lat'>34.</span> <span class='ocrx_word' id='word_1_36' title='bbox 658 954 788 1019; x_wconf 81' lang='lat' dir='ltr'>Interea</span> <span class='ocrx_word' id='word_1_37' title='bbox 812 955 967 1029; x_wconf 86' lang='lat' dir='ltr'>efferbuit</span> <span class='ocrx_word' id='word_1_38' title='bbox 990 957 1024 1020; x_wconf 92' lang='lat' dir='ltr'>in</span> <span class='ocrx_word' id='word_1_39' title='bbox 1048 955 1213 1040; x_wconf 82' lang='lat' dir='ltr'>Hispania</span> <span class='ocrx_word' id='word_1_40' title='bbox 1237 956 1394 1040; x_wconf 91' lang='lat' dir='ltr'>primum,</span> <span class='ocrx_word' id='word_1_41' title='bbox 1428 955 1502 1018; x_wconf 91' lang='lat' dir='ltr'>dein</span> <span class='ocrx_word' id='word_1_42' title='bbox 1524 949 1571 1018; x_wconf 87' lang='lat' dir='ltr'>Ro·</span> 
     </span>
     <span class='ocr_line' id='line_1_12' title="bbox 469 1051 1573 1138; baseline -0.001 -22"><span class='ocrx_word' id='word_1_43' title='bbox 469 1074 543 1116; x_wconf 91' lang='lat' dir='ltr'>mae</span> <span class='ocrx_word' id='word_1_44' title='bbox 566 1075 605 1116; x_wconf 92' lang='lat' dir='ltr'>ac</span> <span class='ocrx_word' id='word_1_45' title='bbox 629 1061 792 1137; x_wconf 88' lang='lat' dir='ltr'>postremo</span> <span class='ocrx_word' id='word_1_46' title='bbox 817 1054 851 1116; x_wconf 92' lang='lat' dir='ltr'>in</span> <span class='ocrx_word' id='word_1_47' title='bbox 876 1054 977 1117; x_wconf 89' lang='lat' dir='ltr'>variis</span> <span class='ocrx_word' id='word_1_48' title='bbox 1001 1051 1193 1138; x_wconf 85' lang='lat' dir='ltr'>regionibus</span> <span class='ocrx_word' id='word_1_49' title='bbox 1218 1051 1508 1118; x_wconf 87' lang='lat' dir='ltr'>vehementissima</span> <span class='ocrx_word' id='word_1_50' title='bbox 1530 1052 1573 1116; x_wconf 86' lang='lat' dir='ltr'>illa</span> 
     </span>
     <span class='ocr_line' id='line_1_13' title="bbox 469 1139 1631 1235; baseline -0.002 -21"><span class='ocrx_word' id='word_1_51' title='bbox 469 1152 692 1214; x_wconf 88' lang='lat' dir='ltr'>controversia</span> <span class='ocrx_word' id='word_1_52' title='bbox 716 1150 757 1214; x_wconf 88' lang='lat' dir='ltr'>de</span> <span class='ocrx_word' id='word_1_53' title='bbox 779 1149 863 1214; x_wconf 92' lang='lat' dir='ltr'>libro</span> <span class='ocrx_word' id='word_1_54' title='bbox 881 1151 1034 1214; x_wconf 80' lang='lat' dir='ltr'>Ladovicr&#39;</span> <span class='ocrx_word' id='word_1_55' title='bbox 1049 1151 1202 1230; x_wconf 79' lang='lat' dir='ltr'>Molinae,</span> <span class='ocrx_word' id='word_1_56' title='bbox 1228 1172 1326 1235; x_wconf 91' lang='lat' dir='ltr'>quem</span> <span class='ocrx_word' id='word_1_57' title='bbox 1350 1151 1401 1214; x_wconf 86' lang='lat' dir='ltr'>De</span> <span class='ocrx_word' id='word_1_58' title='bbox 1424 1151 1574 1215; x_wconf 84' lang='lat' dir='ltr'>concordio</span> <span class='ocrx_word' id='word_1_59' title='bbox 1629 1139 1631 1180; x_wconf 71' lang='lat'><em>3</em></span> 
     </span>
     <span class='ocr_line' id='line_1_14' title="bbox 468 1248 1574 1334; baseline -0.001 -23"><span class='ocrx_word' id='word_1_60' title='bbox 468 1250 591 1334; x_wconf 79' lang='lat' dir='ltr'>prutina</span> <span class='ocrx_word' id='word_1_61' title='bbox 615 1272 652 1311; x_wconf 80' lang='lat' dir='ltr'>ac</span> <span class='ocrx_word' id='word_1_62' title='bbox 676 1248 770 1312; x_wconf 81' lang='lat' dir='ltr'>liberi</span> <span class='ocrx_word' id='word_1_63' title='bbox 793 1249 920 1313; x_wconf 79' lang='lat' dir='ltr'>arbitrii</span> <span class='ocrx_word' id='word_1_64' title='bbox 943 1250 1165 1334; x_wconf 81' lang='lat' dir='ltr'>inscripserat,</span> <span class='ocrx_word' id='word_1_65' title='bbox 1197 1271 1236 1312; x_wconf 89' lang='lat' dir='ltr'>ac</span> <span class='ocrx_word' id='word_1_66' title='bbox 1262 1249 1302 1312; x_wconf 92' lang='lat' dir='ltr'>de</span> <span class='ocrx_word' id='word_1_67' title='bbox 1327 1249 1486 1313; x_wconf 82' lang='lat' dir='ltr'>doctrinis</span> <span class='ocrx_word' id='word_1_68' title='bbox 1508 1270 1574 1333; x_wconf 88' lang='lat' dir='ltr'>quas</span> 
     </span>
     <span class='ocr_line' id='line_1_15' title="bbox 469 1345 1573 1433; baseline -0.001 -23"><span class='ocrx_word' id='word_1_69' title='bbox 469 1350 539 1433; x_wconf 92' lang='lat' dir='ltr'>ipse</span> <span class='ocrx_word' id='word_1_70' title='bbox 563 1345 685 1432; x_wconf 88' lang='lat' dir='ltr'>aliique</span> <span class='ocrx_word' id='word_1_71' title='bbox 710 1346 805 1411; x_wconf 92' lang='lat' dir='ltr'>multi</span> <span class='ocrx_word' id='word_1_72' title='bbox 833 1345 1067 1412; x_wconf 84' lang='lat' dir='ltr'>defendebant.</span> <span class='ocrx_word' id='word_1_73' title='bbox 1115 1347 1253 1410; x_wconf 88' lang='lat' dir='ltr'>Initium</span> <span class='ocrx_word' id='word_1_74' title='bbox 1278 1348 1501 1410; x_wconf 87' lang='lat' dir='ltr'>controversia</span> <span class='ocrx_word' id='word_1_75' title='bbox 1517 1347 1573 1431; x_wconf 87' lang='lat' dir='ltr'>jan</span> 
     </span>
     <span class='ocr_line' id='line_1_16' title="bbox 469 1443 1575 1529; baseline -0.003 -20"><span class='ocrx_word' id='word_1_76' title='bbox 469 1445 611 1528; x_wconf 84' lang='lat' dir='ltr'>sumpsit</span> <span class='ocrx_word' id='word_1_77' title='bbox 640 1466 669 1508; x_wconf 93' lang='lat' dir='ltr'>a.</span> <span class='ocrx_word' id='word_1_78' title='bbox 697 1444 792 1526; x_wconf 80' lang='grc'><strong>1581,</strong></span> <span class='ocrx_word' id='word_1_79' title='bbox 827 1445 959 1529; x_wconf 89' lang='lat' dir='ltr'>quando</span> <span class='ocrx_word' id='word_1_80' title='bbox 984 1444 1187 1508; x_wconf 77' lang='lat' dir='ltr'>Prudentius</span> <span class='ocrx_word' id='word_1_81' title='bbox 1218 1444 1259 1508; x_wconf 91' lang='lat' dir='ltr'>de</span> <span class='ocrx_word' id='word_1_82' title='bbox 1282 1444 1511 1528; x_wconf 88' lang='lat' dir='ltr'>Montemayor</span> <span class='ocrx_word' id='word_1_83' title='bbox 1532 1443 1575 1508; x_wconf 86' lang='lat' dir='ltr'>So·</span> 
     </span>
     <span class='ocr_line' id='line_1_17' title="bbox 470 1540 1625 1627; baseline -0.002 -21"><span class='ocrx_word' id='word_1_84' title='bbox 470 1544 598 1607; x_wconf 89' lang='lat' dir='ltr'>cietatis</span> <span class='ocrx_word' id='word_1_85' title='bbox 614 1542 696 1606; x_wconf 66' lang='lat' dir='ltr'>,Iesu</span> <span class='ocrx_word' id='word_1_86' title='bbox 721 1541 892 1626; x_wconf 85' lang='lat' dir='ltr'>theologus</span> <span class='ocrx_word' id='word_1_87' title='bbox 917 1544 952 1606; x_wconf 91' lang='lat' dir='ltr'>in</span> <span class='ocrx_word' id='word_1_88' title='bbox 970 1541 1154 1606; x_wconf 82' lang='lat' dir='ltr'>Academia</span> <span class='ocrx_word' id='word_1_89' title='bbox 1171 1540 1404 1606; x_wconf 89' lang='lat' dir='ltr'>Salmaticensi</span> <span class='ocrx_word' id='word_1_90' title='bbox 1427 1564 1485 1627; x_wconf 92' lang='lat' dir='ltr'>pro</span> <span class='ocrx_word' id='word_1_91' title='bbox 1502 1563 1576 1605; x_wconf 88' lang='lat' dir='ltr'>more</span> <span class='ocrx_word' id='word_1_92' title='bbox 1623 1589 1625 1626; x_wconf 62' lang='lat'>÷</span> 
     </span>
     <span class='ocr_line' id='line_1_18' title="bbox 469 1639 1631 1725; baseline -0.003 -20"><span class='ocrx_word' id='word_1_93' title='bbox 469 1640 695 1705; x_wconf 89' lang='lat' dir='ltr'>defendendas</span> <span class='ocrx_word' id='word_1_94' title='bbox 708 1643 853 1725; x_wconf 89' lang='lat' dir='ltr'>suscepit</span> <span class='ocrx_word' id='word_1_95' title='bbox 868 1641 987 1722; x_wconf 91' lang='lat' dir='ltr'>theses,</span> <span class='ocrx_word' id='word_1_96' title='bbox 1005 1640 1127 1725; x_wconf 91' lang='lat' dir='ltr'>quibus</span> <span class='ocrx_word' id='word_1_97' title='bbox 1144 1639 1303 1725; x_wconf 86' lang='lat' dir='ltr'>physicae</span> <span class='ocrx_word' id='word_1_98' title='bbox 1317 1641 1576 1724; x_wconf 88' lang='lat' dir='ltr'>praedetermina-</span> <span class='ocrx_word' id='word_1_99' title='bbox 1625 1643 1631 1721; x_wconf 14' lang='grc' dir='ltr'><strong><em>Ἰ</em></strong></span> 
     </span>
     <span class='ocr_line' id='line_1_19' title="bbox 469 1722 1627 1822; baseline -0.003 -20"><span class='ocrx_word' id='word_1_100' title='bbox 469 1741 575 1803; x_wconf 92' lang='lat' dir='ltr'>tiones</span> <span class='ocrx_word' id='word_1_101' title='bbox 606 1749 740 1801; x_wconf 86' lang='lat' dir='ltr'>actuum</span> <span class='ocrx_word' id='word_1_102' title='bbox 770 1748 955 1802; x_wconf 90' lang='lat' dir='ltr'>nostrorum</span> <span class='ocrx_word' id='word_1_103' title='bbox 990 1737 1229 1822; x_wconf 88' lang='lat' dir='ltr'>rejiciebantur</span> <span class='ocrx_word' id='word_1_104' title='bbox 1257 1747 1289 1802; x_wconf 88' lang='lat' dir='ltr'>et</span> <span class='ocrx_word' id='word_1_105' title='bbox 1319 1741 1460 1803; x_wconf 89' lang='lat' dir='ltr'>scientia</span> <span class='ocrx_word' id='word_1_106' title='bbox 1482 1737 1576 1801; x_wconf 88' lang='lat' dir='ltr'>media</span> <span class='ocrx_word' id='word_1_107' title='bbox 1625 1722 1627 1781; x_wconf 62' lang='grc' dir='ltr'>ἶ</span> 
     </span>
     <span class='ocr_line' id='line_1_20' title="bbox 469 1834 1575 1902; baseline -0.006 0"><span class='ocrx_word' id='word_1_108' title='bbox 469 1836 710 1902; x_wconf 87' lang='lat' dir='ltr'>adstruebatur.</span> <span class='ocrx_word' id='word_1_109' title='bbox 757 1836 838 1898; x_wconf 88' lang='lat' dir='ltr'>Erat</span> <span class='ocrx_word' id='word_1_110' title='bbox 866 1846 947 1900; x_wconf 91' lang='lat' dir='ltr'>tunc</span> <span class='ocrx_word' id='word_1_111' title='bbox 977 1834 1201 1900; x_wconf 89' lang='lat' dir='ltr'>Salmanticac</span> <span class='ocrx_word' id='word_1_112' title='bbox 1232 1835 1431 1901; x_wconf 90' lang='lat' dir='ltr'>Dominicus</span> <span class='ocrx_word' id='word_1_113' title='bbox 1458 1836 1575 1900; x_wconf 83' lang='lat' dir='ltr'>Baunea</span> 
     </span>
     <span class='ocr_line' id='line_1_21' title="bbox 469 1933 1632 2018; baseline -0.008 -16"><span class='ocrx_word' id='word_1_114' title='bbox 469 1934 509 2001; x_wconf 94' lang='grc' dir='ltr'>Ο.</span> <span class='ocrx_word' id='word_1_115' title='bbox 531 1936 581 2012; x_wconf 93' lang='lat' dir='ltr'>P.,</span> <span class='ocrx_word' id='word_1_116' title='bbox 619 1933 791 2018; x_wconf 84' lang='lat' dir='ltr'>theologus</span> <span class='ocrx_word' id='word_1_117' title='bbox 820 1935 952 2017; x_wconf 79' lang='lat' dir='ltr'>ingenio</span> <span class='ocrx_word' id='word_1_118' title='bbox 982 1933 1141 2014; x_wconf 89' lang='lat' dir='ltr'>fervidus,</span> <span class='ocrx_word' id='word_1_119' title='bbox 1178 1935 1374 1998; x_wconf 90' lang='lat' dir='ltr'>auctoritate</span> <span class='ocrx_word' id='word_1_120' title='bbox 1401 1936 1521 2018; x_wconf 84' lang='lat' dir='ltr'>gravis,</span> <span class='ocrx_word' id='word_1_121' title='bbox 1552 1941 1576 1994; x_wconf 89' lang='lat' dir='ltr'>et</span> <span class='ocrx_word' id='word_1_122' title='bbox 1624 1966 1632 2011; x_wconf 71' lang='lat' dir='ltr'>g</span> 
     </span>
     <span class='ocr_line' id='line_1_22' title="bbox 468 2029 1574 2119; baseline -0.003 -23"><span class='ocrx_word' id='word_1_123' title='bbox 468 2032 637 2119; x_wconf 89' lang='lat' dir='ltr'>quondam</span> <span class='ocrx_word' id='word_1_124' title='bbox 672 2031 854 2115; x_wconf 86' lang='lat' dir='ltr'>discipulus</span> <span class='ocrx_word' id='word_1_125' title='bbox 886 2031 1076 2095; x_wconf 89' lang='lat' dir='ltr'>Melchioris</span> <span class='ocrx_word' id='word_1_126' title='bbox 1110 2029 1193 2095; x_wconf 78' lang='lat' dir='ltr'>Cani</span> <span class='ocrx_word' id='word_1_127' title='bbox 1225 2032 1290 2095; x_wconf 89' lang='lat' dir='ltr'>viri</span> <span class='ocrx_word' id='word_1_128' title='bbox 1322 2030 1479 2096; x_wconf 83' lang='lat' dir='ltr'>Societati</span> <span class='ocrx_word' id='word_1_129' title='bbox 1509 2032 1574 2096; x_wconf 86' lang='lat' dir='ltr'>Jesu</span> 
     </span>
     <span class='ocr_line' id='line_1_23' title="bbox 469 2124 1632 2215; baseline -0.003 -21"><span class='ocrx_word' id='word_1_130' title='bbox 469 2152 526 2194; x_wconf 89' lang='lat' dir='ltr'>suo</span> <span class='ocrx_word' id='word_1_131' title='bbox 539 2142 685 2215; x_wconf 88' lang='lat' dir='ltr'>tempore</span> <span class='ocrx_word' id='word_1_132' title='bbox 696 2128 794 2192; x_wconf 88' lang='lat' dir='ltr'>valde</span> <span class='ocrx_word' id='word_1_133' title='bbox 807 2129 938 2210; x_wconf 87' lang='lat' dir='ltr'>infensi,</span> <span class='ocrx_word' id='word_1_134' title='bbox 953 2130 1168 2215; x_wconf 87' lang='lat' dir='ltr'>physicarum</span> <span class='ocrx_word' id='word_1_135' title='bbox 1177 2151 1255 2192; x_wconf 89' lang='lat' dir='ltr'>vero</span> <span class='ocrx_word' id='word_1_136' title='bbox 1268 2129 1574 2215; x_wconf 88' lang='lat' dir='ltr'>praedeterminatio·</span> <span class='ocrx_word' id='word_1_137' title='bbox 1631 2124 1632 2130; x_wconf 58' lang='lat'><em>&#39;</em></span> 
     </span>
    </p>
   </div>
   <div class='ocr_carea' id='block_1_10' title="bbox 409 2225 1625 2313">
    <p class='ocr_par' dir='ltr' id='par_1_10' title="bbox 409 2225 1625 2313">
     <span class='ocr_line' id='line_1_24' title="bbox 409 2225 1625 2313; baseline -0.004 -21"><span class='ocrx_word' id='word_1_138' title='bbox 409 2237 410 2240; x_wconf 75' lang='grc'>’</span> <span class='ocrx_word' id='word_1_139' title='bbox 468 2250 548 2293; x_wconf 92' lang='lat' dir='ltr'>num</span> <span class='ocrx_word' id='word_1_140' title='bbox 581 2227 734 2291; x_wconf 88' lang='lat' dir='ltr'>defensor</span> <span class='ocrx_word' id='word_1_141' title='bbox 764 2229 954 2292; x_wconf 90' lang='lat' dir='ltr'>acerrimus.</span> <span class='ocrx_word' id='word_1_142' title='bbox 1001 2229 1034 2291; x_wconf 89' lang='lat' dir='ltr'>Is</span> <span class='ocrx_word' id='word_1_143' title='bbox 1064 2229 1164 2313; x_wconf 84' lang='lat' dir='ltr'>igitur</span> <span class='ocrx_word' id='word_1_144' title='bbox 1197 2230 1305 2290; x_wconf 87' lang='lat' dir='ltr'>statim</span> <span class='ocrx_word' id='word_1_145' title='bbox 1338 2225 1403 2289; x_wconf 89' lang='lat' dir='ltr'>illis</span> <span class='ocrx_word' id='word_1_146' title='bbox 1434 2226 1576 2289; x_wconf 87' lang='lat' dir='ltr'>doctrinis</span> <span class='ocrx_word' id='word_1_147' title='bbox 1623 2237 1625 2248; x_wconf 66' lang='lat'><em>²</em></span> 
     </span>
    </p>
   </div>
   <div class='ocr_carea' id='block_1_11' title="bbox 464 2323 1632 4267">
    <p class='ocr_par' dir='ltr' id='par_1_11' title="bbox 464 2323 1632 4267">
     <span class='ocr_line' id='line_1_25' title="bbox 468 2323 1575 2410; baseline -0.005 -21"><span class='ocrx_word' id='word_1_148' title='bbox 468 2326 623 2390; x_wconf 88' lang='lat' dir='ltr'>ardenter</span> <span class='ocrx_word' id='word_1_149' title='bbox 646 2346 679 2388; x_wconf 91' lang='lat' dir='ltr'>se</span> <span class='ocrx_word' id='word_1_150' title='bbox 703 2327 868 2410; x_wconf 90' lang='lat' dir='ltr'>opposuit.</span> <span class='ocrx_word' id='word_1_151' title='bbox 906 2324 1019 2404; x_wconf 81' lang='lat' dir='ltr'>Quum</span> <span class='ocrx_word' id='word_1_152' title='bbox 1043 2347 1121 2389; x_wconf 89' lang='lat' dir='ltr'>vero</span> <span class='ocrx_word' id='word_1_153' title='bbox 1146 2349 1176 2389; x_wconf 90' lang='lat' dir='ltr'>a.</span> <span class='ocrx_word' id='word_1_154' title='bbox 1202 2325 1287 2389; x_wconf 83' lang='lat'>1588</span> <span class='ocrx_word' id='word_1_155' title='bbox 1312 2323 1528 2410; x_wconf 81' lang='lat' dir='ltr'>Ulyssiponae</span> <span class='ocrx_word' id='word_1_156' title='bbox 1548 2324 1575 2384; x_wconf 90' lang='lat' dir='ltr'>in</span> 
     </span>
     <span class='ocr_line' id='line_1_26' title="bbox 468 2421 1575 2506; baseline -0.006 -18"><span class='ocrx_word' id='word_1_157' title='bbox 468 2425 643 2488; x_wconf 87' lang='lat' dir='ltr'>Lusitania</span> <span class='ocrx_word' id='word_1_158' title='bbox 668 2423 705 2488; x_wconf 87' lang='lat' dir='ltr'>L.</span> <span class='ocrx_word' id='word_1_159' title='bbox 730 2423 855 2487; x_wconf 86' lang='lat' dir='ltr'>Melina</span> <span class='ocrx_word' id='word_1_160' title='bbox 880 2424 992 2488; x_wconf 89' lang='lat' dir='ltr'>ederet</span> <span class='ocrx_word' id='word_1_161' title='bbox 1016 2446 1109 2487; x_wconf 90' lang='lat' dir='ltr'>suam</span> <span class='ocrx_word' id='word_1_162' title='bbox 1139 2421 1347 2488; x_wconf 81' lang='lat' dir='ltr'>Concordiam</span> <span class='ocrx_word' id='word_1_163' title='bbox 1377 2443 1454 2505; x_wconf 89' lang='lat' dir='ltr'>cum</span> <span class='ocrx_word' id='word_1_164' title='bbox 1478 2440 1575 2506; x_wconf 90' lang='lat' dir='ltr'>appro-</span> 
     </span>
     <span class='ocr_line' id='line_1_27' title="bbox 468 2517 1574 2605; baseline -0.007 -19"><span class='ocrx_word' id='word_1_165' title='bbox 468 2521 603 2586; x_wconf 90' lang='lat' dir='ltr'>batione</span> <span class='ocrx_word' id='word_1_166' title='bbox 626 2521 662 2584; x_wconf 92' lang='lat' dir='ltr'>P.</span> <span class='ocrx_word' id='word_1_167' title='bbox 687 2521 800 2584; x_wconf 90' lang='lat' dir='ltr'>Barth.</span> <span class='ocrx_word' id='word_1_168' title='bbox 825 2522 977 2585; x_wconf 87' lang='lat' dir='ltr'>Ferreira</span> <span class='ocrx_word' id='word_1_169' title='bbox 1002 2519 1042 2586; x_wconf 91' lang='lat' dir='ltr'>O.</span> <span class='ocrx_word' id='word_1_170' title='bbox 1068 2523 1114 2603; x_wconf 76' lang='lat' dir='ltr'>P,</span> <span class='ocrx_word' id='word_1_171' title='bbox 1150 2521 1335 2583; x_wconf 88' lang='lat' dir='ltr'>Bannesius</span> <span class='ocrx_word' id='word_1_172' title='bbox 1363 2518 1486 2605; x_wconf 90' lang='lat' dir='ltr'>aliique</span> <span class='ocrx_word' id='word_1_173' title='bbox 1508 2517 1574 2584; x_wconf 90' lang='lat' dir='ltr'>Ord.</span> 
     </span>
     <span class='ocr_line' id='line_1_28' title="bbox 468 2617 1575 2705; baseline -0.007 -23"><span class='ocrx_word' id='word_1_174' title='bbox 468 2619 586 2684; x_wconf 89' lang='lat' dir='ltr'>Praed.</span> <span class='ocrx_word' id='word_1_175' title='bbox 618 2618 761 2702; x_wconf 83' lang='lat' dir='ltr'>theologi</span> <span class='ocrx_word' id='word_1_176' title='bbox 805 2621 839 2683; x_wconf 92' lang='lat' dir='ltr'>in</span> <span class='ocrx_word' id='word_1_177' title='bbox 875 2620 1039 2705; x_wconf 88' lang='lat' dir='ltr'>Hispania</span> <span class='ocrx_word' id='word_1_178' title='bbox 1100 2617 1221 2681; x_wconf 89' lang='lat' dir='ltr'>librum</span> <span class='ocrx_word' id='word_1_179' title='bbox 1266 2617 1412 2680; x_wconf 90' lang='lat' dir='ltr'>Molinae</span> <span class='ocrx_word' id='word_1_180' title='bbox 1462 2626 1575 2680; x_wconf 73' lang='lat' dir='ltr'>suenus</span> 
     </span>
     <span class='ocr_line' id='line_1_29' title="bbox 470 2713 1576 2802; baseline -0.007 -21"><span class='ocrx_word' id='word_1_181' title='bbox 470 2719 713 2802; x_wconf 85' lang='lat' dir='ltr'>impugnarunt</span> <span class='ocrx_word' id='word_1_182' title='bbox 733 2737 875 2801; x_wconf 89' lang='lat' dir='ltr'>eumque</span> <span class='ocrx_word' id='word_1_183' title='bbox 908 2717 950 2780; x_wconf 91' lang='lat' dir='ltr'>ad</span> <span class='ocrx_word' id='word_1_184' title='bbox 975 2716 1229 2800; x_wconf 90' lang='lat' dir='ltr'>Inquisitionem</span> <span class='ocrx_word' id='word_1_185' title='bbox 1255 2714 1453 2779; x_wconf 87' lang='lat' dir='ltr'>detulerunt.</span> <span class='ocrx_word' id='word_1_186' title='bbox 1499 2713 1576 2777; x_wconf 92' lang='lat' dir='ltr'>Illius</span> 
     </span>
     <span class='ocr_line' id='line_1_30' title="bbox 469 2812 1575 2898; baseline -0.005 -21"><span class='ocrx_word' id='word_1_187' title='bbox 469 2836 548 2878; x_wconf 91' lang='lat' dir='ltr'>vero</span> <span class='ocrx_word' id='word_1_188' title='bbox 572 2815 680 2898; x_wconf 88' lang='lat' dir='ltr'>operis</span> <span class='ocrx_word' id='word_1_189' title='bbox 704 2813 758 2876; x_wconf 90' lang='lat' dir='ltr'>vel</span> <span class='ocrx_word' id='word_1_190' title='bbox 793 2815 903 2897; x_wconf 88' lang='lat' dir='ltr'>potius</span> <span class='ocrx_word' id='word_1_191' title='bbox 944 2813 1114 2876; x_wconf 89' lang='lat' dir='ltr'>doctrinae</span> <span class='ocrx_word' id='word_1_192' title='bbox 1153 2815 1342 2898; x_wconf 90' lang='lat' dir='ltr'>propositae</span> <span class='ocrx_word' id='word_1_193' title='bbox 1366 2812 1575 2877; x_wconf 88' lang='lat' dir='ltr'>defensionem</span> 
     </span>
     <span class='ocr_line' id='line_1_31' title="bbox 470 2909 1629 2997; baseline -0.005 -21"><span class='ocrx_word' id='word_1_194' title='bbox 470 2920 685 2997; x_wconf 89' lang='lat' dir='ltr'>susceperunt</span> <span class='ocrx_word' id='word_1_195' title='bbox 708 2909 852 2994; x_wconf 85' lang='lat' dir='ltr'>theologi</span> <span class='ocrx_word' id='word_1_196' title='bbox 877 2909 951 2975; x_wconf 83' lang='lat' dir='ltr'>Soc.</span> <span class='ocrx_word' id='word_1_197' title='bbox 976 2911 1068 2991; x_wconf 87' lang='lat' dir='ltr'>Jesu,</span> <span class='ocrx_word' id='word_1_198' title='bbox 1107 2920 1139 2974; x_wconf 92' lang='lat' dir='ltr'>et</span> <span class='ocrx_word' id='word_1_199' title='bbox 1173 2912 1339 2995; x_wconf 87' lang='lat' dir='ltr'>utrimque</span> <span class='ocrx_word' id='word_1_200' title='bbox 1362 2911 1576 2975; x_wconf 86' lang='lat' dir='ltr'>ardentissime</span> <span class='ocrx_word' id='word_1_201' title='bbox 1628 2983 1629 2986; x_wconf 8' lang='grc' dir='ltr'><strong>Ἴ</strong></span> 
     </span>
     <span class='ocr_line' id='line_1_32' title="bbox 469 2998 1632 3093; baseline -0.003 -20"><span class='ocrx_word' id='word_1_202' title='bbox 469 3010 664 3073; x_wconf 88' lang='lat' dir='ltr'>dimicatum</span> <span class='ocrx_word' id='word_1_203' title='bbox 701 3017 758 3074; x_wconf 89' lang='lat' dir='ltr'>est.</span> <span class='ocrx_word' id='word_1_204' title='bbox 814 3008 915 3072; x_wconf 82' lang='lat' dir='ltr'>Brevi</span> <span class='ocrx_word' id='word_1_205' title='bbox 955 3019 1029 3093; x_wconf 91' lang='lat' dir='ltr'>post</span> <span class='ocrx_word' id='word_1_206' title='bbox 1068 3007 1204 3072; x_wconf 90' lang='lat' dir='ltr'>eaedem</span> <span class='ocrx_word' id='word_1_207' title='bbox 1244 3011 1488 3073; x_wconf 88' lang='lat' dir='ltr'>controversiae</span> <span class='ocrx_word' id='word_1_208' title='bbox 1523 3029 1576 3071; x_wconf 91' lang='lat' dir='ltr'>nou</span> <span class='ocrx_word' id='word_1_209' title='bbox 1631 2998 1632 3004; x_wconf 30' lang='lat'>¹</span> 
     </span>
     <span class='ocr_line' id='line_1_33' title="bbox 469 3105 1575 3191; baseline -0.004 -21"><span class='ocrx_word' id='word_1_210' title='bbox 469 3107 574 3170; x_wconf 92' lang='lat' dir='ltr'>solum</span> <span class='ocrx_word' id='word_1_211' title='bbox 614 3107 647 3169; x_wconf 89' lang='lat' dir='ltr'>in</span> <span class='ocrx_word' id='word_1_212' title='bbox 686 3105 885 3189; x_wconf 87' lang='lat' dir='ltr'>Hispaniae,</span> <span class='ocrx_word' id='word_1_213' title='bbox 933 3105 991 3168; x_wconf 90' lang='lat' dir='ltr'>sed</span> <span class='ocrx_word' id='word_1_214' title='bbox 1031 3107 1131 3168; x_wconf 90' lang='lat' dir='ltr'>etiam</span> <span class='ocrx_word' id='word_1_215' title='bbox 1171 3107 1205 3168; x_wconf 92' lang='lat' dir='ltr'>in</span> <span class='ocrx_word' id='word_1_216' title='bbox 1242 3105 1383 3170; x_wconf 87' lang='lat' dir='ltr'>aliarum</span> <span class='ocrx_word' id='word_1_217' title='bbox 1421 3109 1575 3191; x_wconf 81' lang='lat' dir='ltr'>regionum</span> 
     </span>
     <span class='ocr_line' id='line_1_34' title="bbox 469 3203 1625 3288; baseline -0.005 -20"><span class='ocrx_word' id='word_1_218' title='bbox 469 3203 598 3269; x_wconf 91' lang='lat' dir='ltr'>scholas</span> <span class='ocrx_word' id='word_1_219' title='bbox 637 3212 869 3288; x_wconf 88' lang='lat' dir='ltr'>penetrarunt;</span> <span class='ocrx_word' id='word_1_220' title='bbox 917 3225 1086 3288; x_wconf 90' lang='lat' dir='ltr'>quumque</span> <span class='ocrx_word' id='word_1_221' title='bbox 1123 3204 1240 3267; x_wconf 90' lang='lat' dir='ltr'>turbae</span> <span class='ocrx_word' id='word_1_222' title='bbox 1288 3214 1318 3266; x_wconf 91' lang='lat' dir='ltr'>et</span> <span class='ocrx_word' id='word_1_223' title='bbox 1365 3206 1577 3268; x_wconf 87' lang='lat' dir='ltr'>contentiones</span> <span class='ocrx_word' id='word_1_224' title='bbox 1624 3212 1625 3220; x_wconf 49' lang='lat'>³</span> 
     </span>
     <span class='ocr_line' id='line_1_35' title="bbox 469 3294 1576 3382; baseline -0.007 -15"><span class='ocrx_word' id='word_1_225' title='bbox 469 3305 609 3367; x_wconf 87' lang='lat' dir='ltr'>nimium</span> <span class='ocrx_word' id='word_1_226' title='bbox 641 3302 817 3382; x_wconf 88' lang='lat' dir='ltr'>ferverent,</span> <span class='ocrx_word' id='word_1_227' title='bbox 854 3299 1008 3365; x_wconf 82' lang='lat' dir='ltr'>Clemens</span> <span class='ocrx_word' id='word_1_228' title='bbox 1033 3299 1117 3364; x_wconf 92' lang='lat' dir='ltr'>VIII</span> <span class='ocrx_word' id='word_1_229' title='bbox 1150 3325 1179 3366; x_wconf 92' lang='lat' dir='ltr'>a.</span> <span class='ocrx_word' id='word_1_230' title='bbox 1207 3294 1292 3365; x_wconf 81' lang='lat'>1596</span> <span class='ocrx_word' id='word_1_231' title='bbox 1324 3324 1460 3367; x_wconf 88' lang='lat' dir='ltr'>causam</span> <span class='ocrx_word' id='word_1_232' title='bbox 1491 3301 1529 3365; x_wconf 92' lang='lat' dir='ltr'>ad</span> <span class='ocrx_word' id='word_1_233' title='bbox 1550 3319 1576 3360; x_wconf 88' lang='lat' dir='ltr'>sc</span> 
     </span>
     <span class='ocr_line' id='line_1_36' title="bbox 469 3398 1576 3488; baseline -0.006 -23"><span class='ocrx_word' id='word_1_234' title='bbox 469 3401 633 3480; x_wconf 84' lang='lat' dir='ltr'>evocavit,</span> <span class='ocrx_word' id='word_1_235' title='bbox 665 3401 796 3488; x_wconf 84' lang='lat' dir='ltr'>utrique</span> <span class='ocrx_word' id='word_1_236' title='bbox 827 3401 913 3485; x_wconf 87' lang='lat' dir='ltr'>parti</span> <span class='ocrx_word' id='word_1_237' title='bbox 946 3399 1114 3463; x_wconf 90' lang='lat' dir='ltr'>silentium</span> <span class='ocrx_word' id='word_1_238' title='bbox 1140 3399 1180 3462; x_wconf 88' lang='lat' dir='ltr'>de</span> <span class='ocrx_word' id='word_1_239' title='bbox 1204 3398 1436 3485; x_wconf 86' lang='lat' dir='ltr'>praesentibus</span> <span class='ocrx_word' id='word_1_240' title='bbox 1467 3407 1576 3462; x_wconf 90' lang='lat' dir='ltr'>contro·</span> 
     </span>
     <span class='ocr_line' id='line_1_37' title="bbox 469 3495 1626 3583; baseline -0.005 -23"><span class='ocrx_word' id='word_1_241' title='bbox 469 3500 586 3562; x_wconf 89' lang='lat' dir='ltr'>versiis</span> <span class='ocrx_word' id='word_1_242' title='bbox 610 3499 832 3582; x_wconf 90' lang='lat' dir='ltr'>praescripsit,</span> <span class='ocrx_word' id='word_1_243' title='bbox 867 3519 982 3561; x_wconf 91' lang='lat' dir='ltr'>omnes</span> <span class='ocrx_word' id='word_1_244' title='bbox 1012 3519 1184 3583; x_wconf 88' lang='lat' dir='ltr'>processus</span> <span class='ocrx_word' id='word_1_245' title='bbox 1208 3507 1241 3561; x_wconf 91' lang='lat' dir='ltr'>et</span> <span class='ocrx_word' id='word_1_246' title='bbox 1263 3499 1396 3581; x_wconf 87' lang='lat' dir='ltr'>scripta,</span> <span class='ocrx_word' id='word_1_247' title='bbox 1430 3495 1576 3580; x_wconf 89' lang='lat' dir='ltr'>simulque</span> <span class='ocrx_word' id='word_1_248' title='bbox 1625 3506 1626 3509; x_wconf 75' lang='grc'>’</span> 
     </span>
     <span class='ocr_line' id='line_1_38' title="bbox 469 3592 1576 3680; baseline -0.007 -19"><span class='ocrx_word' id='word_1_249' title='bbox 469 3597 734 3661; x_wconf 87' lang='lat' dir='ltr'>Universitatum</span> <span class='ocrx_word' id='word_1_250' title='bbox 758 3605 790 3658; x_wconf 90' lang='lat' dir='ltr'>et</span> <span class='ocrx_word' id='word_1_251' title='bbox 813 3596 1067 3680; x_wconf 89' lang='lat' dir='ltr'>praecipuorum</span> <span class='ocrx_word' id='word_1_252' title='bbox 1094 3593 1322 3677; x_wconf 84' lang='lat' dir='ltr'>theologorum</span> <span class='ocrx_word' id='word_1_253' title='bbox 1347 3596 1524 3658; x_wconf 85' lang='lat' dir='ltr'>sententias</span> <span class='ocrx_word' id='word_1_254' title='bbox 1545 3592 1576 3655; x_wconf 87' lang='lat' dir='ltr'>dc</span> 
     </span>
     <span class='ocr_line' id='line_1_39' title="bbox 468 3690 1574 3778; baseline -0.005 -21"><span class='ocrx_word' id='word_1_255' title='bbox 468 3695 606 3757; x_wconf 90' lang='lat' dir='ltr'>materia</span> <span class='ocrx_word' id='word_1_256' title='bbox 638 3702 849 3756; x_wconf 88' lang='lat' dir='ltr'>controversa</span> <span class='ocrx_word' id='word_1_257' title='bbox 881 3694 1073 3778; x_wconf 86' lang='lat' dir='ltr'>exquisivit.</span> <span class='ocrx_word' id='word_1_258' title='bbox 1122 3692 1235 3773; x_wconf 76' lang='lat' dir='ltr'>Quum</span> <span class='ocrx_word' id='word_1_259' title='bbox 1266 3714 1344 3756; x_wconf 87' lang='lat' dir='ltr'>vero</span> <span class='ocrx_word' id='word_1_260' title='bbox 1375 3690 1574 3756; x_wconf 88' lang='lat' dir='ltr'>Dominicani</span> 
     </span>
     <span class='ocr_line' id='line_1_40' title="bbox 464 3786 1575 3876; baseline -0.005 -22"><span class='ocrx_word' id='word_1_261' title='bbox 464 3791 630 3876; x_wconf 90' lang='lat' dir='ltr'>judicium</span> <span class='ocrx_word' id='word_1_262' title='bbox 667 3789 762 3854; x_wconf 85' lang='lat' dir='ltr'>Sedis</span> <span class='ocrx_word' id='word_1_263' title='bbox 793 3790 1005 3876; x_wconf 90' lang='lat' dir='ltr'>Apostolicae</span> <span class='ocrx_word' id='word_1_264' title='bbox 1040 3800 1205 3875; x_wconf 85' lang='lat' dir='ltr'>urgerent,</span> <span class='ocrx_word' id='word_1_265' title='bbox 1246 3790 1404 3855; x_wconf 85' lang='lat' dir='ltr'>Pontifex</span> <span class='ocrx_word' id='word_1_266' title='bbox 1442 3813 1471 3856; x_wconf 90' lang='lat' dir='ltr'>a.</span> <span class='ocrx_word' id='word_1_267' title='bbox 1505 3786 1575 3852; x_wconf 80' lang='lat'>1598</span> 
     </span>
     <span class='ocr_line' id='line_1_41' title="bbox 469 3886 1573 3973; baseline -0.007 -18"><span class='ocrx_word' id='word_1_268' title='bbox 469 3889 594 3955; x_wconf 88' lang='lat' dir='ltr'>Romae</span> <span class='ocrx_word' id='word_1_269' title='bbox 629 3889 773 3952; x_wconf 91' lang='lat' dir='ltr'>instituit</span> <span class='ocrx_word' id='word_1_270' title='bbox 805 3888 949 3952; x_wconf 88' lang='lat' dir='ltr'>celebres</span> <span class='ocrx_word' id='word_1_271' title='bbox 981 3886 1210 3952; x_wconf 82' lang='lat' dir='ltr'>Cardinalium</span> <span class='ocrx_word' id='word_1_272' title='bbox 1243 3898 1275 3952; x_wconf 94' lang='lat' dir='ltr'>et</span> <span class='ocrx_word' id='word_1_273' title='bbox 1306 3889 1497 3973; x_wconf 85' lang='lat' dir='ltr'>peritorum·</span> <span class='ocrx_word' id='word_1_274' title='bbox 1514 3906 1573 3949; x_wconf 91' lang='lat' dir='ltr'>con·</span> 
     </span>
     <span class='ocr_line' id='line_1_42' title="bbox 469 3984 1571 4071; baseline -0.004 -23"><span class='ocrx_word' id='word_1_275' title='bbox 469 3987 678 4070; x_wconf 85' lang='lat' dir='ltr'>gregationes</span> <span class='ocrx_word' id='word_1_276' title='bbox 706 4009 725 4049; x_wconf 93' lang='lat' dir='ltr'>a</span> <span class='ocrx_word' id='word_1_277' title='bbox 757 4008 815 4049; x_wconf 91' lang='lat' dir='ltr'>suo</span> <span class='ocrx_word' id='word_1_278' title='bbox 850 3986 978 4071; x_wconf 89' lang='lat' dir='ltr'>objecto</span> <span class='ocrx_word' id='word_1_279' title='bbox 1007 3987 1057 4048; x_wconf 86' lang='lat' dir='ltr'>De</span> <span class='ocrx_word' id='word_1_280' title='bbox 1081 3984 1216 4049; x_wconf 74' lang='lat' dir='ltr'>comitiis</span> <span class='ocrx_word' id='word_1_281' title='bbox 1240 3987 1367 4049; x_wconf 82' lang='lat' dir='ltr'>divinae</span> <span class='ocrx_word' id='word_1_282' title='bbox 1390 3986 1511 4070; x_wconf 66' lang='grc'><strong>9661166</strong></span> <span class='ocrx_word' id='word_1_283' title='bbox 1530 4003 1571 4065; x_wconf 88' lang='lat' dir='ltr'>ap·</span> 
     </span>
     <span class='ocr_line' id='line_1_43' title="bbox 470 4078 1570 4172; baseline -0.004 -27"><span class='ocrx_word' id='word_1_284' title='bbox 470 4082 617 4168; x_wconf 83' lang='lat' dir='ltr'>pellatas,</span> <span class='ocrx_word' id='word_1_285' title='bbox 649 4094 686 4145; x_wconf 90' lang='lat' dir='ltr'>ut</span> <span class='ocrx_word' id='word_1_286' title='bbox 710 4078 897 4169; x_wconf 83' lang='lat' dir='ltr'>disputatae</span> <span class='ocrx_word' id='word_1_287' title='bbox 922 4085 1131 4172; x_wconf 87' lang='lat' dir='ltr'>quaestiones</span> <span class='ocrx_word' id='word_1_288' title='bbox 1155 4083 1429 4147; x_wconf 90' lang='lat' dir='ltr'>dilucidarentur.</span> <span class='ocrx_word' id='word_1_289' title='bbox 1476 4083 1511 4146; x_wconf 92' lang='lat' dir='ltr'>In</span> <span class='ocrx_word' id='word_1_290' title='bbox 1532 4080 1570 4141; x_wconf 90' lang='lat' dir='ltr'>his</span> 
     </span>
     <span class='ocr_line' id='line_1_44' title="bbox 470 4181 1569 4267; baseline -0.004 -25"><span class='ocrx_word' id='word_1_291' title='bbox 470 4182 641 4265; x_wconf 89' lang='lat' dir='ltr'>utriusque</span> <span class='ocrx_word' id='word_1_292' title='bbox 669 4183 782 4264; x_wconf 90' lang='lat' dir='ltr'>partis,</span> <span class='ocrx_word' id='word_1_293' title='bbox 822 4182 1118 4244; x_wconf 88' lang='lat' dir='ltr'>Dominicanorum</span> <span class='ocrx_word' id='word_1_294' title='bbox 1159 4203 1278 4267; x_wconf 88' lang='lat' dir='ltr'>nempe</span> <span class='ocrx_word' id='word_1_295' title='bbox 1312 4191 1344 4245; x_wconf 90' lang='lat' dir='ltr'>ct</span> <span class='ocrx_word' id='word_1_296' title='bbox 1377 4181 1569 4253; x_wconf 88' lang='lat' dir='ltr'>Jcsuitarun,</span> 
     </span>
    </p>
   </div>
   <div class='ocr_carea' id='block_1_12' title="bbox 0 0 1673 4900">
    <p class='ocr_par' dir='ltr' id='par_1_12' title="bbox 0 0 1673 4900">
     <span class='ocr_line' id='line_1_45' title="bbox 0 0 1673 4900; baseline 0 0"><span class='ocrx_word' id='word_1_297' title='bbox 0 0 1673 4900; x_wconf 95' lang='lat' dir='ltr'> </span> 
     </span>
    </p>
   </div>
  </div>
 </body>
</html>
