3288 4900
200 1980 338 2029 Legatorum

200 2045 338 2116 sollicitudo.

366 454 401 506 86
657 453 814 509 XXXVIII.
835 455 875 507 De
894 455 1013 510 Concilio
1032 456 1200 514 Tridentino.

367 595 584 662 subditorum.
632 597 834 661 Timendum
859 608 928 661 erat
950 622 989 662 ne
1014 600 1123 664 turbae
1146 601 1381 666 Basileeoeiam
1402 625 1481 666 rcno-

365 703 526 771 varentur,
552 715 591 756 ac
614 695 860 779 providendum
886 706 957 760 erat
980 698 1014 760 in
1038 720 1073 761 re
1097 700 1237 783 ancipiti
1254 702 1329 789 jari
1345 711 1374 764 et
1390 701 1480 785 dipsi-

366 794 428 856 tctc‘
451 794 573 856 summi
595 792 766 857 Ecclesiae
791 794 929 880 Capitis.
960 781 1084 880 Magna
1107 797 1286 881 prudentia
1310 799 1375 862 ista
1398 799 1482 861 inre

365 913 435 954 sese
459 889 560 972 legati
583 900 766 974 gesserunt,
791 914 960 977 quumque
976 915 1010 956 se
1025 895 1152 957 sincere
1170 895 1328 958 offerrent
1343 895 1482 980 aliosque

364 990 582 1069 hortarentur,
607 998 643 1052 ut
666 989 704 1052 dc
718 989 812 1074 facto
837 989 879 1054 ab
904 992 984 1075 ipsis
1007 992 1286 1074 reformationem,
1311 995 1481 1077 praecipue

364 1086 494 1151 sublata
518 1085 741 1150 cumulatione
765 1086 1013 1166 beneficiorum,
1042 1091 1237 1175 inciperent,
1263 1112 1341 1153 mox
1367 1092 1481 1154 animo·

362 1207 436 1248 rum
460 1193 569 1248 aestus
597 1184 692 1247 leniti
716 1194 793 1248 sunt
816 1194 849 1249 et
872 1187 1049 1250 concordia
1073 1187 1207 1252 obtenta
1232 1198 1281 1252 est
1297 1211 1336 1252 ea
1351 1190 1480 1266 ratione,

363 1295 400 1346 ut
424 1280 522 1346 simul
546 1291 699 1366 ageretur
723 1283 763 1346 de
788 1283 854 1346 fide
878 1305 917 1347 ac
942 1284 983 1347 de
999 1286 1243 1351 reformatione.
1275 1285 1388 1350 Rebus
1404 1286 1479 1350 bene

363 1382 505 1464 cognitis
521 1378 644 1443 Paulus
656 1381 708 1443 III
733 1381 895 1467 ejusmodi
913 1382 1099 1463 consilium,
1123 1387 1277 1469 quamvis
1301 1384 1480 1469 displiceret

362 1479 468 1559 initio,
493 1477 702 1563 approbavit.
732 1476 804 1543 Sibi
829 1479 964 1565 quidem
988 1483 1174 1544 reservavit
1187 1483 1309 1546 Curiae
1319 1481 1479 1545 Romanae

360 1577 639 1658 reformationem,
665 1576 722 1639 sed
739 1599 843 1662 quum
867 1577 902 1642 id
917 1587 1046 1642 tantum
1062 1579 1259 1662 intenderet,
1285 1603 1326 1644 ne
1341 1581 1481 1663 dignitas

361 1672 534 1738 Pontificis
557 1673 753 1752 laederetur,
777 1674 1046 1740 reformationem
1073 1698 1150 1740 vero
1169 1679 1269 1742 etiam
1294 1679 1366 1762 ipse
1380 1677 1481 1754 vellet,

361 1781 475 1857 postea
499 1793 564 1834 non
589 1770 727 1852 obstitit,
753 1774 930 1857 quominus
947 1773 1071 1838 ettalia
1087 1784 1309 1839 tractarentur
1333 1798 1419 1861 quae
1431 1797 1483 1860 per

362 1893 396 1934 se
420 1890 590 1934 reservare
615 1867 679 1932 sibi
703 1871 873 1954 potuisset.

451 1968 504 2033 31.
553 1965 652 2044 Quod
681 1967 836 2031 Pontifex
868 1966 1029 2032 sollicitus
1053 1969 1164 2047 fuerit,
1197 1981 1235 2033 ut
1258 1972 1482 2034 auctoritatem

362 2088 455 2129 suam
489 2074 657 2142 tueretur,
679 2065 834 2151 quodque
868 2087 982 2130 curam
1013 2067 1196 2150 adhiberet,
1229 2091 1271 2133 ne
1301 2066 1482 2132 Concilium

360 2185 450 2227 more
463 2161 687 2226 multitudinis
702 2185 818 2228 recens
836 2175 1056 2249 congregatae
1071 2167 1163 2251 prius
1179 2167 1213 2230 in
1230 2167 1355 2230 fastum
1372 2167 1482 2246 abiret,

359 2284 438 2326 mox
463 2263 498 2325 in
522 2260 699 2325 audaciam
730 2283 770 2325 ac
795 2262 939 2348 denique
964 2265 998 2326 in
1023 2266 1280 2342 contumaciam,
1297 2276 1405 2328 'certe
1428 2265 1483 2348 ipsi

359 2362 441 2424 vitio
467 2359 551 2422 verti
576 2379 643 2423 non
668 2359 777 2424 debet.
824 2359 943 2424 Merito
969 2362 1058 2424 enim
1083 2360 1323 2424 animadvertit
1347 2361 1482 2425 Pallavi-

360 2461 464 2540 cinus,
496 2455 688 2521 ambitionis
712 2466 816 2520 artem
840 2479 906 2522 non
932 2480 1011 2539 esse,
1045 2455 1158 2522 sedulo
1190 2461 1275 2523 tueri
1295 2481 1483 2546 supremam

359 2566 555 2643 potestatem
587 2555 622 2617 in
646 2555 795 2619 Romano
819 2556 981 2620 Pontifice
1014 2556 1176 2620 divinitus
1211 2560 1427 2623 constitutam
1457 2568 1484 2621 et

358 2654 529 2719 Ecclesiae
560 2651 781 2716 incolumitati
812 2656 1044 2718 necessariam.
1093 2654 1221 2734 Quodsi
1244 2655 1347 2719 liceat
1379 2657 1483 2742 hujus·

359 2753 449 2816 modi
474 2751 641 2816 solertiam
673 2752 872 2837 vituperare,
906 2754 1062 2837 quoniam
1087 2775 1126 2817 ea
1151 2762 1199 2816 est
1231 2754 1419 2820 dominanti
1438 2756 1481 2840 ju-

359 2851 479 2932 cunda,
519 2848 761 2934 vituperandus
799 2852 898 2913 etiam
923 2851 1000 2932 erit,
1039 2853 1243 2937 quicumque
1268 2853 1343 2916 cibo
1385 2855 1480 2916 vitam

359 2955 531 3026 sustentat,
568 2948 646 3031 quia
679 2946 807 3012 cibaria
839 2950 986 3032 gustanti
1019 2947 1224 3034 voluptatem
1259 2951 1415 3016 afferunt.
1445 2987 1482 2997 -

358 3047 474 3131 Neque
497 3044 811 3129 reprehendendum
835 3046 981 3131 profecto
1006 3057 1055 3111 est
1069 3047 1104 3110 id
1120 3049 1154 3110 in
1171 3047 1289 3132 legatis
1304 3049 1481 3125 Pontificis‚

359 3143 448 3230 quod
488 3165 549 3206 ceu
573 3144 679 3206 virtus
709 3145 935 3209 commendari
973 3145 1055 3208 solet
1093 3147 1129 3208 in
1161 3147 1310 3230 cujusvis
1350 3147 1482 3232 legitimi

359 3243 520 3328 principis
551 3241 766 3324 administris
800 3263 855 3306 eos
886 3243 1043 3306 nimirum
1076 3245 1197 3307 summi
1220 3244 1394 3308 Pontificis
1413 3246 1483 3330 jura

359 3362 398 3403 ac
423 3338 594 3424 dignitatis
623 3338 854 3404 excellentiam
884 3351 971 3404 sarta
995 3350 1083 3404 tecta
1106 3342 1305 3406 'custodissa
1354 3343 1395 3406 In
1423 3361 1480 3428 quo

359 3459 438 3501 sane
446 3447 569 3522 quanto
579 3439 793 3522 exquisitiore
801 3437 994 3502 laborarunt
1002 3439 1177 3520 industria,
1193 3448 1284 3502 tanto
1293 3440 1479 3526 ampliorem

358 3536 492 3601 laudem
517 3537 701 3600 commeriti
726 3547 812 3619 sunt,
838 3559 913 3600 cum
930 3537 1109 3623 prudentia
1125 3539 1287 3601 virtutum
1313 3537 1478 3602 moralium
1557 3561 1558 3564 ¹

359 3637 474 3719 regina
498 3633 583 3699 nibil
606 3634 697 3698 aliud
722 3636 773 3713 sit,
798 3657 899 3721 quam
922 3637 973 3698 vis
998 3635 1171 3699 obtinendi
1196 3657 1235 3699 ea
1259 3657 1345 3721 quae
1370 3636 1477 3700 decent

359 3754 419 3817 per
443 3754 482 3794 ea
506 3753 591 3816 quae
614 3731 725 3798 licent.

449 3830 502 3894 32.
531 3829 622 3893 Inter
646 3830 705 3894 has
730 3839 816 3894 artes
841 3831 941 3893 etiam
966 3829 1023 3894 illa
1048 3829 1322 3894 connumeranda
1337 3838 1396 3909 est,
1420 3849 1476 3913 qua

359 3928 474 3991 Patres
505 3929 540 3990 in
564 3938 674 3992 ternos
700 3937 811 3992 coetus
836 3927 1021 4013 peculiares
1044 3928 1079 3991 in
1104 3927 1244 3992 aedibus
1276 3929 1378 3991 trium
1401 3926 1476 4008 lega·

359 4034 469 4088 torum
509 4024 680 4089 habendos
711 4036 787 4111 apte
820 4027 982 4110 segregati
1011 4026 1118 4106 fuere,
1159 4047 1300 4111 quorum
1333 4034 1475 4088 coetuum

359 4123 491 4186 duobus
503 4124 656 4187 ‘Paceous
679 4134 712 4186 et
732 4123 936 4206 Madrucius,
970 4126 1040 4209 (qui
1058 4133 1189 4210 praeter
1209 4119 1474 4207 legatos‘Synodo

358 4220 500 4284 aderant
524 4220 740 4302 Cardinales,)
772 4244 830 4308 per
862 4222 1028 4306 delegatos
1061 4245 1080 4284 a
1110 4244 1143 4284 se
1167 4223 1255 4287 viros
1279 4221 1473 4285 interessent.
