3034 4894
352 484 392 538 De
410 484 618 552 praeparatione
637 484 750 539 Concilii
769 485 933 541 Tridentini.
957 553 960 566 ‚
1174 487 1205 540 71

90 650 180 690 sacra
215 649 266 690 res
306 627 579 712 dijudicarentur.
627 629 826 692 Franciscus
865 649 943 693 vero
982 652 1042 693 rex
1066 628 1205 710 Galliae,

89 748 161 788 curn
184 747 247 810 quo
261 725 419 789 Pontifex
442 726 611 789 Massiliae
635 727 801 807 convenit,
827 729 937 790 minus
955 725 1105 792 Concilio
1131 749 1206 792 con·

87 823 251 907 gregando
294 823 439 889 favebat.
457 862 500 870 —
518 821 642 888 Scribit
666 823 819 888 Clemens
857 825 1069 890 Ferdinando
1112 826 1206 889 Rom.

87 924 154 1004 regi
178 922 209 985 d.
236 921 267 986 d.
293 922 353 985 20⁰
377 923 488 986 Martii
512 945 541 988 a.
562 923 657 999 1534,
682 945 717 985 se
740 924 803 986 iter
822 922 1000 986 Massiliam
1024 925 1208 1008 suscepisse

86 1020 304 1105 percupidum
331 1019 472 1085 Concilii
505 1043 546 1084 ex
570 1021 680 1084 fratris
705 1030 791 1087 voto.
839 1020 882 1086 Se
906 1021 1040 1107 quidem
1073 1023 1106 1085 in
1130 1043 1207 1105 rege

86 1116 242 1204 (Galliae)
268 1140 426 1202 magnum
442 1118 611 1203 religionis
628 1118 774 1184 studium
792 1127 936 1200 nactum,
962 1119 1019 1184 sed
1035 1119 1208 1183 abeodem

84 1239 150 1280 rem
177 1216 393 1280 christianam
417 1217 499 1282 adeo
523 1225 594 1279 tum
619 1218 721 1280 variis
746 1215 890 1280 motibus
914 1216 1079 1281 turbatam
1105 1218 1207 1296 cerni,

85 1327 121 1378 ut
143 1317 381 1399 opportuniora
404 1324 554 1399 tempora
577 1314 808 1398 praestolanda
832 1317 1050 1396 existimaret,
1087 1315 1208 1400 quibus

84 1437 125 1476 ex
142 1414 272 1477 cunctis
288 1412 551 1476 Christianorum
575 1414 758 1497 provinciis
776 1411 964 1477 Concilium
985 1434 1044 1497 per
1060 1407 1208 1476 or'nnium

84 1513 363 1596 conspirationem
395 1511 595 1574 fructuosius
628 1509 838 1574 coalesceret.
885 1511 1007 1574 Dolere
1040 1532 1083 1591 se,
1120 1509 1207 1594 quod

84 1610 173 1673 unde
196 1630 267 1672 rem
292 1610 397 1693 ipsam
422 1610 674 1693 impetraturum
701 1607 892 1690 confideret,
918 1608 1020 1673 solam
1045 1610 1091 1671 rei
1107 1621 1207 1692 'spem

84 1705 291 1790 retulisset.¹l
339 1705 441 1786 Serio,
479 1727 546 1770 non
582 1706 657 1771 ficte
683 1706 887 1770 Clementem
925 1729 1000 1770 cum
1029 1706 1207 1769 Francisco

84 1805 123 1868 de
149 1804 299 1868 Concilio
326 1804 473 1888 cogendo
504 1805 618 1889 egisse,
651 1804 729 1868 inde
754 1803 897 1888 colliges,
934 1805 1022 1890 quod
1054 1803 1107 1867 vel
1139 1804 1208 1886 ipse

84 1903 207 1968 Stravis
221 1903 351 1983 fatetur,
376 1925 488 1988 regem
505 1912 643 1986 urgente
657 1902 827 1966 Clemente
840 1904 1040 1988 impendisse
1064 1920 1208 1986 operam,

83 2013 118 2064 ut
142 2004 366 2065 Protestantes
391 2000 537 2086 aliquam
562 2000 679 2088 Italiae
704 2001 819 2064 urbem
846 1999 1107 2086 comprobarent,
1133 2019 1209 2060 cum

83 2099 241 2163 Pontifici
267 2102 345 2162 satis
370 2109 463 2182 esset,
489 2120 544 2161 eos
560 2097 745 2162 consentire
761 2121 798 2190 se
813 2097 961 2161 Concilio
985 2096 1209 2176 interfuturos,

82 2199 131 2260 uti
150 2197 327 2280 Raugonio
352 2198 506 2281 episcopo
524 2195 703 2280 Rhegiensi
728 2220 767 2260 ac
784 2197 955 2262 Pontificis
978 2197 1086 2281 legato
1111 2196 1209 2276 signi-

82 2297 285 2374 ficaverant,
318 2295 450 2358 tametsi
482 2293 766 2378 obtemperaturos
797 2316 831 2357 se
862 2297 1055 2380 neutiquam
1081 2292 1207 2378 pollice·

82 2402 206 2458 rentur.
255 2391 301 2455 At
325 2392 371 2455 illi
396 2393 483 2475 regis
507 2392 721 2476 postulationi
745 2413 810 2455 non
835 2391 1046 2478 assenserel)

176 2490 226 2556 15.
276 2491 401 2554 Romae
426 2490 502 2554 dein
528 2491 569 2553 de
594 2490 737 2554 Concilii
762 2492 893 2574 negotio
919 2493 1021 2554 variis
1045 2492 1077 2553 in
1104 2490 1207 2554 consi·
1237 2497 1297 2535 210¹*
1313 2495 1360 2536 0¹0·

83 2590 195 2652 storiis
220 2598 331 2652 actum
356 2599 421 2668 est,
458 2589 515 2652 sed
540 2588 635 2652 brevi
659 2599 742 2673 post,
780 2588 834 2652 die
857 2589 918 2653 25⁰
942 2588 1145 2674 Septembris
1177 2612 1206 2650 a.
1225 2561 1369 2602 mmvn'

86 2688 182 2766 1534,
219 2685 373 2750 Clemens
397 2686 464 2748 VlI
499 2685 599 2770 hujus
636 2688 724 2749 vitae
757 2708 933 2750 aerumnas
956 2698 1056 2772 atque
1078 2686 1209 2750 labores

83 2795 187 2848 morte
213 2783 337 2866 effugit.
376 2784 427 2847 De
452 2783 546 2868 cujus
571 2783 681 2847 indole
698 2794 730 2847 et
747 2784 937 2848 charactere
963 2796 998 2849 ut
1021 2787 1209 2851 accuratius

81 2883 260 2965 judicetur,
285 2881 369 2944 haec
394 2904 501 2966 pauca
525 2904 567 2945 ex
591 2881 798 2946 Pallavicino
824 2881 857 2967 (l.
881 2885 923 2962 c.)
949 2882 1071 2946 addere
1095 2904 1208 2967 oppor-

85 2991 202 3043 tunum
226 2978 376 3042 videtur:
409 2979 511 3063 „Ejus
536 3001 623 3043 mors
641 2990 738 3044 tanto
763 2990 903 3064 excepta
927 2981 1059 3063 gaudio,
1085 2991 1209 3066 quanta

84 3079 154 3163 ejus
189 3074 322 3149 electio;
362 3098 428 3140 non
466 3077 570 3140 solum
607 3075 648 3140 ob
682 3100 755 3140 eam
781 3079 965 3141 satietatem
1000 3101 1099 3163 quam
1122 3080 1209 3163 parit

83 3175 286 3238 diuturnitas
311 3175 441 3258 imperii
467 3197 526 3258 per
550 3174 743 3238 electionem
769 3175 950 3252 deferendi,
977 3177 1035 3239 sed
1058 3176 1100 3240 ob
1126 3175 1209 3239 cala-

85 3276 217 3336 mitates
242 3273 276 3334 in
301 3271 389 3336 illius
401 3273 735 3338 administrationem
760 3275 961 3356 ingruentes,
987 3296 1071 3359 quae
1088 3276 1208 3359 princi-

82 3395 158 3456 pem
192 3369 356 3454 plerisque
388 3372 544 3451 invisum,
578 3373 625 3433 uti
661 3374 798 3434 noxium
830 3371 983 3450 reddunt,
1015 3375 1143 3436 cunctis
1173 3384 1212 3439 ut

82 3471 278 3533 infaustum.
318 3469 363 3531 Iis
388 3471 488 3532 etiam
514 3469 647 3532 dotibus
671 3491 749 3532 vere
774 3471 881 3532 caruit
904 3491 987 3554 quae
1012 3471 1211 3556 populorum

82 3567 194 3630 studia
226 3565 414 3648 conciliant,
449 3588 599 3652 quaeque
631 3569 665 3629 in
691 3589 728 3629 eo
752 3576 911 3651 tanquam
943 3570 978 3630 in
1002 3569 1124 3632 Leonis
1154 3593 1212 3654 pa·

81 3664 189 3727 truele
224 3663 443 3747 sperabantur
482 3665 672 3749 creditoque
712 3664 799 3728 illius
840 3665 1051 3750 pontificatus
1090 3671 1211 3752 capite,

81 3763 179 3847 cujus
196 3781 312 3823 revera
326 3761 430 3825 solum
449 3762 586 3826 dextera
603 3763 790 3842 exstiterat,
816 3762 1036 3828 beneficentia
1053 3765 1214 3829 videlicet

81 3871 114 3922 et
138 3859 357 3938 humanitate,
383 3882 468 3944 quae
492 3861 527 3922 in
552 3860 663 3922 Leone
688 3861 923 3944 praestiterunt
947 3883 1084 3926 excessu
1108 3865 1210 3928 noxio

82 3957 141 4020 sed
179 3955 358 4042 plausibili,
399 3958 433 4020 in
468 3956 639 4020 Clemente
676 3957 862 4036 defuerunt,
904 3958 1035 4022 defectu
1074 3962 1207 4046 quidem

159 4197 178 4255 ι)
197 4194 265 4249 nro.
287 4194 314 4248 c.
334 4195 408 4248 xvr.
428 4211 454 4248 n.
475 4197 500 4250 e.

158 4276 178 4342 ἰ)
199 4274 266 4328 rua
287 4291 313 4330 n.
334 4277 359 4330 4.
