3034 4894
402 499 442 553 De
459 498 548 553 initiis
567 497 877 566 pseudoreformationis.
1167 501 1202 556 33

11 689 13 778 Ι
89 641 321 728 tentaverunt.¹)
367 644 558 727 Disputatio
587 641 644 706 illa
667 641 770 706 veluti
793 641 930 706 ultimus
954 652 1091 707 conatus
1115 645 1202 728 paci·

11 783 12 786 κ
90 739 162 804 licus
200 740 274 822 fuit,
307 750 345 802 ut
368 740 534 803 Lutherus
564 741 608 804 ad
639 739 790 804 meliores
826 761 940 803 sensus
978 741 1200 808 reduceretur.

11 875 13 914 ζ
87 835 146 901 Sed
184 840 233 902 uti
272 840 308 902 in
342 837 503 923 ejusmodi
537 837 833 923 disputationibus,
869 840 1074 924 experientia
1108 848 1200 921 teste,

11 917 13 1020 l
88 935 150 1000 fieri
177 936 277 1017 solet,
309 957 385 1021 pars
416 937 505 1000 victa
536 934 625 1000 nullo
657 936 754 1000 modo
789 937 926 1021 quievit.
971 936 1059 1000 Illud
1089 937 1357 1040 taman13¹⁸rp⁸tt¹r

87 1034 156 1098 boni
181 1057 225 1098 ex
248 1034 364 1098 eadem
389 1036 552 1120 provenit,
577 1044 613 1098 ut
636 1035 700 1096 viri
725 1035 856 1116 eruditi,
881 1035 1007 1099 sincere
1031 1035 1201 1099 Ecclesiae
1210 1012 1247 1040 ΜΒ
1262 1011 1274 1040 ⁰
1292 1011 1318 1040 ⁰⁰
1328 1011 1364 1040 ω’

28 1123 33 1130 ’
84 1132 215 1214 addicti,
240 1133 329 1196 clare
352 1133 586 1216 perspicerent,
612 1131 795 1197 Lutherum
820 1156 840 1196 a
864 1132 1014 1197 doctrina
1039 1133 1202 1198 catholica

11 1267 13 1310 χ
83 1241 190 1314 aperte
215 1231 361 1309 deviare,
386 1241 487 1315 utque
511 1230 643 1312 exinde,
668 1230 950 1316 quemadmodum
973 1252 1000 1297 e.
1025 1252 1057 1314 g.
1074 1232 1200 1313 Emser,

11 1385 13 1414 ζ
84 1331 191 1413 vigore
235 1329 359 1413 majori
404 1350 438 1391 se
484 1329 547 1413 ipsi
600 1337 813 1413 opponerent.
885 1327 1048 1414 Quamvis
1090 1340 1200 1392 autem

11 1493 13 1502 ¹
82 1427 177 1491 Eckii
204 1427 384 1511 disputatio
409 1448 448 1490 ac
473 1426 614 1488 victoria
637 1425 841 1490 acerbiorem
873 1425 1056 1489 reddiderit
1080 1425 1200 1489 Luthe-

11 1511 13 1548 ⁵
81 1547 159 1607 rum,
194 1534 227 1588 et
259 1527 322 1588 nisi
355 1523 471 1587 eadem
502 1524 679 1587 accidisset
705 1523 788 1586 forte
818 1523 987 1608 aliquanto
1015 1523 1200 1587 retardatus

80 1623 191 1686 fnisset
215 1621 404 1686 rebellionis
427 1643 629 1707 progressus,
662 1644 703 1685 ex
737 1622 835 1686 dictis
858 1633 968 1686 tamen
997 1623 1076 1686 satis
1100 1630 1200 1708 patet,

80 1720 262 1784 Lutherum
290 1721 362 1805 jam
391 1719 489 1804 plane
521 1719 722 1783 obstinatum
752 1719 854 1783 fuisse
877 1722 913 1784 in
937 1721 1101 1785 erroribus
1133 1721 1201 1783 suis

81 1818 311 1904 proponendis,
344 1817 494 1903 adeoque
518 1817 625 1880 Eckio
658 1817 775 1902 culpae
799 1819 884 1886 verti
917 1839 983 1882 non
1006 1839 1102 1903 posse
1126 1840 1200 1882 con-

11 1965 12 1968 *
78 1918 297 1982 tinuationem
321 1915 429 1979 luctae
453 1924 567 1979 contra
591 1914 787 1982 Ecclesiam.
834 1915 1097 2001 Superbissimus
1121 1938 1200 1980 sane

80 2014 264 2078 haereticus
295 2013 336 2078 ob
369 2013 504 2078 cladem,
528 2023 699 2098 acceptam
731 2014 856 2078 crudeli
880 2037 915 2078 se
938 2017 1039 2078 sensit
1063 2015 1199 2078 vulnere

77 2116 273 2193 sauciatum,
306 2122 405 2197 atque
435 2134 478 2174 ex
499 2110 562 2174 “illo
586 2121 734 2196 tempore
752 2112 824 2197 jam
848 2113 1052 2196 apertissime
1076 2111 1199 2176 bellum

79 2224 192 2276 contra
226 2210 424 2275 Pontificem
468 2211 654 2274 Romanum
701 2220 893 2294 prosecutus
930 2221 987 2276 est.
1047 2211 1082 2276 Si
1121 2233 1198 2276 vero

77 2331 226 2394 quaeras,
258 2309 348 2373 unde
378 2310 503 2372 factum
537 2311 579 2372 sit
602 2320 638 2371 ut
661 2317 729 2371 tam
754 2307 847 2371 multi
879 2310 942 2394 ipsi
971 2309 1197 2392 adhaererent,

77 2409 231 2492 quamvis
254 2404 389 2470 rebellio
414 2408 449 2471 in
464 2406 648 2470 Ecclesiam
670 2407 742 2492 jam
766 2406 942 2470 manifesta
966 2417 1059 2489 esset,
1085 2409 1119 2471 id
1144 2430 1197 2471 ex·

80 2505 193 2588 plicari
217 2513 325 2590 potest
346 2526 387 2566 ex
403 2505 511 2568 causis
526 2504 601 2587 illis,
626 2526 709 2589 quas
723 2504 941 2589 praecedente
958 2506 1198 2570 Dissertatione

78 2605 302 2688 exposuimus.
320 2639 363 2649 —
382 2602 436 2666 Ad
460 2602 627 2687 duplicem
652 2624 786 2666 causam
809 2625 861 2666 res
883 2603 1054 2666 reducitur
1076 2602 1119 2667 ab
1143 2603 1197 2668 Al·

80 2701 166 2768 berto
193 2703 253 2766 Pio
288 2700 469 2786 Carporum
499 2703 650 2787 principe
681 2724 721 2765 ac
751 2703 909 2786 scriptore
941 2723 1080 2765 coaevo:
1121 2723 1197 2784 una,

79 2802 162 2885 quod
199 2797 297 2884 tu'rpe
331 2809 503 2885 putarunt,
544 2821 599 2862 eas
633 2809 743 2885 partes
778 2799 942 2884 deserere,
981 2821 1063 2884 quas
1098 2800 1198 2863 semel

83 2902 307 2985 suscepissent,
333 2919 372 2960 ac
396 2896 459 2961 sibi
481 2898 634 2962 dedecori
650 2918 720 2961 esse
736 2907 933 2961 censuerunt
949 2906 1076 2960 mutare
1091 2897 1199 2960 videri

84 3000 285 3062 sententiam.
332 2995 446 3060 Altera
469 3018 568 3060 causa
592 2995 800 3059 exulceratus
824 2994 1042 3080 quorumdam
1067 2997 1198 3058 animus

82 3094 112 3157 in
142 3095 331 3160 sacerdotes
363 3115 476 3157 omnes
508 3105 540 3157 et
571 3093 700 3158 invidia
731 3093 892 3178 quaedam
924 3092 1135 3178 inexplebilis
1162 3094 1197 3156 in

78 3193 258 3256 cucullatos
283 3192 444 3277 cujusque
466 3194 606 3277 generis,
631 3192 744 3256 odium
762 3191 930 3277 quoddam
946 3193 1138 3255 intestinum
1162 3193 1197 3256 in

73 3301 210 3355 sanctae
224 3289 320 3354 Sedis
332 3288 542 3375 Apostolicae
556 3289 793 3374 dignitatemr)
828 3291 1074 3354 Universitates
1087 3301 1197 3354 autem

75 3386 195 3471 plures,
231 3397 268 3452 ut
300 3386 515 3471 coloniensis,
548 3389 754 3470 Parisiensie,
791 3389 1020 3470 Lovaniensis,
1056 3411 1133 3453 mox
1164 3412 1198 3453 se

71 3486 215 3550 Lutheri
240 3487 398 3551 doctrinis
422 3497 656 3572 opposuerunt,
682 3496 713 3551 et
737 3486 857 3550 multas
872 3487 943 3572 ejus
959 3478 1198 3571 propositiones

70 3583 286 3650 damnarunt.

155 3683 217 3764 33.
250 3683 416 3746 Lutherus
439 3692 475 3746 ut
500 3683 628 3746 cladem
652 3682 694 3746 ab
711 3683 817 3747 Eckio
841 3691 1012 3767 acceptam
1036 3691 1197 3766 quantum

72 3789 186 3864 posset
222 3780 359 3863 celaret,
390 3783 499 3845 vvariis
536 3781 658 3846 libellis
687 3791 718 3844 et
747 3782 877 3865 scriptis
916 3803 991 3844 suas
1031 3780 1197 3844 doctrinas

72 3899 286 3963 propugnare
302 3881 448 3964 perrexit
465 3889 497 3942 et
509 3880 738 3944 vehementius
755 3881 790 3943 in
802 3879 987 3942 Romanum
1001 3878 1196 3942 Pontificem

68 3985 106 4037 et
130 3975 317 4040 Ecclesiam
341 3977 566 4042 debacchatus
590 3987 647 4043 est.
695 3977 859 4059 Audiens,
894 3977 1078 4040 doctrinam
1103 3999 1197 4040 suam

150 4198 172 4268 ¹)
191 4197 262 4251 Acta
280 4198 345 4254 Ooll.
364 4195 438 4265 Lips
458 4215 499 4266 ap.
519 4199 635 4253 Ldscher
654 4206 674 4256 t.
694 4197 745 4256 ΙΙΙ.
766 4215 791 4266 p.
811 4199 872 4256 203.

149 4277 177 4349 ²)
191 4281 240 4345 Ap.
262 4279 360 4344 Grone,
379 4279 395 4331 l.
415 4295 436 4336 c.
457 4279 472 4349 ξ
494 4281 534 4334 12.

129 4377 273 4428 Jungmann,
287 4379 475 4419 Dissertationes.
491 4380 556 4418 Tem.
571 4381 622 4418 ΠΙ.
