3034 4894
351 449 390 504 De
409 447 619 514 praeparatione
636 445 749 508 Consilii
768 448 931 506 Tridentini.
1189 450 1223 504 81

94 591 246 677 quadam
270 602 505 676 proponerent,
526 614 625 676 quam
647 591 871 660 Protestantes
896 592 1115 658 collocutores,
1134 593 1226 660 haud

95 688 306 774 rejiciebant,
339 691 408 758 imo
438 691 537 758 etiam
562 713 581 757 a
605 689 750 758 vocibus
769 699 801 755 et
825 689 975 756 iormulis
1008 687 1224 771 abstiserent,

94 811 185 873 quae
208 787 474 858 Protestentibus
498 786 728 874 dispIIeebant
770 786 842 853 Vel
860 789 968 872 ipsam
992 790 1225 854 accenderan-

95 887 248 954 rectionis.
271 907 387 955 vescam
412 883 657 954 Granvellanus
680 885 886 953 reticendam
915 908 988 951 esse
1010 887 1225 967 existimavit,

93 985 149 1048 cui
175 995 296 1054 tamen,
315 982 446 1066 legatus
466 1005 533 1046 non
558 985 735 1051 consensit.
784 981 839 1050 Sin
863 985 897 1048 in
923 983 1122 1069 quibusdam
1151 985 1225 1050 arti-

91 1081 182 1152 culis
206 1081 320 1152 fucata
344 1080 507 1166 quaedam
532 1080 716 1150 eoncordia.
735 1079 874 1148 obtenta
894 1081 978 1162 fuit,
1009 1081 1067 1148 sed
1092 1083 1225 1168 quando

93 1189 299 1266 perventum
336 1189 388 1250 est
423 1179 471 1248 ad,
491 1178 647 1262 dogmata
671 1177 746 1260 alia,
786 1181 967 1263 praecipue
1001 1180 1044 1244 ad
1078 1203 1226 1267 eaquae

90 1279 334 1348 anctoritatem
363 1276 532 1346 Ecclesiae
568 1286 602 1344 et
632 1277 777 1345 Romani
810 1276 984 1346 Pontibois
1020 1279 1225 1364 spectabant,

93 1376 345 1446 haereticorum
369 1374 546 1444 obstinatio
571 1373 671 1461 plane
694 1377 860 1459 apparuit,
884 1397 946 1444 nee
970 1399 1148 1441 consensus
1172 1377 1226 1441 ahs

91 1476 199 1540 tineri
232 1475 347 1558 potuit.
396 1473 462 1540 Sed
491 1474 591 1540 etiam
623 1471 679 1540 illa
704 1476 875 1540 consensio
910 1477 1052 1560 quaein
1078 1475 1226 1540 anticulis
1266 1513 1268 1519 s

92 1573 137 1637 de
158 1573 403 1657 justificatione
427 1571 578 1635 formulis
604 1570 806 1656 quibusdam
830 1574 925 1656 vagis
949 1571 1084 1638 obtenta
1107 1574 1229 1654 fuerat,

93 1673 229 1738 Romae
251 1669 435 1754 approbata
458 1691 525 1736 non
548 1669 628 1750 inin
661 1691 700 1735 ac
724 1669 891 1734 Lutherus
926 1693 1059 1734 emnem
1082 1675 1227 1736 reconci-

92 1770 274 1837 liationem
299 1770 433 1835 omnino
458 1769 582 1854 rejecit.
630 1768 686 1835 Ita
716 1771 944 1853 asperimonte
978 1771 1142 1854 apparuit,
1181 1793 1228 1833 re,

92 1865 370 1934 conciliationem
388 1889 465 1932 cum
480 1866 744 1932 Protcstantibus
768 1889 827 1951 per
838 1869 1088 1948 transactiones,
1113 1867 1229 1932 saltem

94 1964 201 2032 valde
226 1961 441 2048 periculosas,
463 1963 605 2028 obtineri
630 1963 854 2050 nonposse.1)

192 2079 247 2143 25.
295 2079 428 2159 Romae,
460 2080 531 2163 jam
567 2078 646 2141 inde
677 2078 719 2141 ab
744 2080 838 2142 initio
863 2081 942 2142 satis
965 2078 1229 2164 perspiciebatur

93 2179 362 2248 Protestantium
401 2178 435 2239 in
466 2177 631 2240 erroribus
663 2178 856 2261 pertinenia,
896 2187 929 2240 et
968 2178 1047 2241 viris
1085 2178 1228 2243 cordatis

96 2275 217 2340 multis
255 2296 450 2358 persuasum
475 2273 898 2355 enatpreconciliaticnem
938 2297 1014 2338 cum
1052 2277 1132 2360 ipsis
1171 2299 1230 2362 per

96 2371 269 2456 colloquia
305 2371 459 2456 religiosa
498 2371 639 2436 obtineri
679 2394 889 2457 nequaquam
915 2394 1023 2456 posse,
1061 2396 1101 2437 ac
1131 2374 1229 2438 valde

96 2469 293 2534 cavendum
318 2491 398 2553 esse,
431 2494 472 2534 ne
497 2493 572 2536 oum
597 2470 743 2556 periculo
769 2469 972 2534 orthodoxae
997 2471 1166 2535 doctrinae
1190 2495 1230 2536 ac

97 2568 258 2632 salutaris
289 2567 486 2654 disciplinae
517 2570 757 2632 transactiones
789 2590 865 2630 cum
896 2567 1072 2632 haereticis
1103 2569 1229 2636 fierent.

100 2667 194 2730 Hinc
220 2668 355 2729 omnino
371 2667 494 2730 exinde
510 2667 699 2752 praevaluit
713 2666 885 2734 tendentia
909 2689 1033 2750 eorum,
1059 2669 1115 2753 qui
1133 2668 1229 2733 saluti

98 2763 220 2850 p'opuli
254 2761 426 2828 christiani
459 2766 587 2828 ratione
617 2763 787 2850 paulisper
817 2763 882 2828 alia
915 2765 1032 2828 melius
1062 2765 1230 2850 provideri

99 2861 336 2932 aestimabant.
408 2862 597 2926 Censebant
655 2859 828 2941 videlicet,
892 2861 1067 2926 haereticis
1121 2864 1231 2948 quoad

102 2962 276 3024 doctrinas
300 2982 511 3046 nequaquam
542 2959 751 3044 aliquatenus
776 2959 964 3022 cedendum
988 2981 1058 3023 esse
1081 2960 1231 3024 formulis

102 3060 211 3145 vagis,
245 3058 302 3120 sed
337 3059 493 3141 dogmata
524 3067 680 3124 accurate
703 3067 736 3119 et
759 3079 834 3119 curn
860 3059 974 3140 vigere
999 3061 1231 3143 centra‘ipses

100 3178 176 3220 esse
202 3155 417 3236 vindicanda,
450 3177 489 3218 ac
513 3155 623 3218 media
647 3157 833 3218 necessaria
857 3155 1059 3239 adhibenda,
1092 3165 1131 3218 ut
1152 3179 1232 3219 vera

104 3265 141 3318 et
164 3252 352 3317 orthodoxa
367 3253 457 3316 ¹fides
481 3254 514 3316 in
533 3255 636 3316 variis
659 3251 853 3336 regionibus
875 3261 962 3320 sarta
978 3262 1011 3316 et
1024 3262 1112 3316 tecta
1137 3263 1231 3318 esset.

102 3353 223 3436 Neque
263 3351 372 3437 quoad
411 3351 623 3436 disciplinam
652 3350 852 3434 generalem,
890 3372 923 3414 v.
961 3373 991 3434 g.
1032 3351 1231 3414 coelibatum

103 3449 328 3530 sacerdotum,
341 3449 468 3534 aliquid
483 3447 703 3512 relaxandum
721 3447 920 3530 statuebant,
946 3447 1004 3512 sed
1020 3448 1231 3534 disciplinam

101 3557 208 3633 atque
240 3549 345 3610 vitam
377 3569 454 3611 vere
487 3549 577 3632 piam
611 3548 700 3610 omni
725 3555 884 3631 exparte
913 3546 1181 3614 confirmandam*
1200 3558 1233 3612 et

185 3815 205 3884 ¹)
226 3813 266 3870 Of.
296 3814 329 3867 de
356 3813 406 3866 hae
434 3811 576 3867 tendentia
604 3828 636 3870 ao.
663 3812 695 3865 de
721 3811 861 3869 conatibus
880 3810 1107 3872 reconciliationis
1126 3811 1231 3877 Pastnr,

105 3895 160 3949 Die
179 3894 275 3951 kirchl.
286 3891 637 3960 Reunionsbestrebungen,
656 3891 799 3954 III-VII.
830 3921 862 3928 -
891 3891 995 3955 Ranke,
1013 3890 1136 3950 Histoire
1154 3892 1187 3944 de
1205 3892 1233 3944 la

108 3977 229 4041 papante
257 3974 376 4040 pendant
404 3972 443 4026 les
462 3971 529 4026 XVI
549 3977 577 4024 et
595 3971 676 4024 XVII
704 3971 806 4035 siecles,
835 3971 865 4027 T.
885 3971 906 4026 I.
927 3971 957 4024 L.
976 3970 1013 4026 Π.
1032 3970 1098 4040 §ln
1131 3972 1234 4024 Auctor

105 4054 153 4106 hic
171 4060 264 4106 tamen
283 4054 361 4120 plura
380 4057 539 4120 exaggerat,
560 4052 629 4117 quod
643 4055 751 4118 spectat
769 4051 803 4104 ad
817 4066 875 4104 earn
888 4066 967 4116 quam
981 4049 1048 4102 dicit
1060 4053 1233 4104 neoderutuut

67 4185 71 4194 ,
112 4133 318 4187 Gotboltccram
337 4133 500 4201 opionionem.
538 4132 604 4184 Fuit
631 4131 697 4184 haee
728 4146 823 4184 revera
846 4130 937 4184 illusio
956 4129 1087 4196 quaedam
1106 4131 1234 4198 periculis

106 4214 198 4281 plena.

166 4331 307 4379 Jungmann,
324 4330 502 4370 Dissertationes
526 4330 590 4368 Toni.
609 4329 653 4368 VII
1038 4320 1054 4364 li

1257 2076 1387 2116 renuentia

1263 2139 1371 2189 seysrior.
