2964 4912
277 445 332 498 366
534 441 609 496 XLI.
643 441 684 496 De
702 441 892 496 Declaratione
911 441 983 495 Cleri
1002 440 1146 498 Gallicani.

278 587 473 651 Ludovicus
497 585 581 648 XIV
605 607 684 649 vero
709 585 834 649 Romae
865 584 958 670 asyla
983 584 1109 649 dimisit
1137 594 1170 647 et
1192 585 1399 648 Avenionem

277 684 432 750 Pontifici
456 684 615 764 restituit,
648 683 706 748 sed
730 683 987 748 Declarotionem
1016 681 1103 748 Cleri
1125 684 1210 746 tueri
1234 682 1400 767 pergebat.

279 781 473 846 Postulabat
503 780 713 863 Alexander,
750 792 788 844 ut
818 803 879 846 rex
908 791 1082 845 revocaret
1104 781 1263 845 Edictum
1297 801 1401 860 suum,

280 891 381 967 utque
406 879 622 944 ecclesiastici
654 881 710 964 qui
736 876 888 943 Comitiis
911 879 1130 943 interfuerant
1159 888 1190 941 et
1214 878 1258 942 ad
1282 881 1403 964 episco-

281 989 394 1065 patum
412 979 575 1043 nominati
599 986 692 1040 eraut
713 979 979 1041 retractationem
997 999 1187 1062 expressam
1205 979 1403 1041 emitterent.

135 1070 242 1172 ff}
282 1071 394 1157 Quum
418 1099 477 1139 rex
501 1075 553 1139 his
576 1076 786 1161 acquiescere
807 1085 999 1156 moraretur,
1024 1074 1217 1139 Alexander
1231 1075 1326 1155 VIII,
1352 1074 1404 1137 die

155 1193 228 1233 suus.
280 1175 320 1238 4⁰
343 1173 487 1258 Augusti
518 1195 547 1237 a.
575 1172 679 1254 1690,
711 1171 841 1237 Bullam
866 1172 972 1236 edidit
994 1173 1081 1236 Inter
1102 1170 1311 1258 multiplices,
1344 1193 1405 1254 „ne

281 1293 434 1357 supremo
467 1269 599 1351 Judioi,
636 1271 760 1354 inquit,
796 1273 958 1334 rationem
991 1270 1205 1334 villicationis
1242 1271 1405 1335 reddituri

281 1369 503 1453 negligentiae
527 1370 561 1431 in
586 1366 713 1430 credita
735 1367 840 1432 Nobis
863 1367 1150 1432 administratione
1179 1369 1406 1453 urgeremur“,

280 1478 379 1554 atque
404 1467 520 1531 eadem
545 1467 757 1529 extensionem
773 1468 861 1555 juris
877 1466 1018 1551 repolioe
1043 1465 1345 1531 etDeclarationem
1370 1467 1408 1529 de

280 1565 494 1629 ecclesiastico
514 1574 671 1650 potestate
703 1563 828 1627 nullam
860 1574 892 1627 et
916 1565 1043 1628 irritam
1074 1564 1268 1630 declaravit.
1316 1567 1409 1629 Motu

274 1665 428 1750 proprio,
464 1665 526 1742 ait,
561 1673 590 1725 et
620 1685 659 1725 ese
688 1673 772 1726 certa
802 1664 935 1727 scientia
966 1674 996 1727 et
1018 1674 1146 1726 motura
1178 1662 1409 1727 deliberatione

282 1762 428 1839 Nostris,
464 1761 562 1846 deque
585 1759 789 1845 Apostoliaac
813 1763 986 1846 potcstatis
1003 1760 1208 1846 plenitudine
1239 1763 1347 1825 omnia
1382 1773 1411 1824 et

278 1858 407 1945 simpulo
438 1881 517 1943 quae
542 1868 607 1920 tarn
631 1857 737 1942 quood
760 1860 972 1922 ostensionem
994 1859 1088 1923 Juris
1111 1858 1284 1944 Repolioe,
1316 1882 1410 1944 quam

279 1957 387 2042 quood
401 1956 658 2021 Declorotionem
682 1955 721 2020 de
742 1967 900 2042 potestate
917 1955 1142 2022 Ecclesiastico
1166 1967 1195 2019 et
1215 1968 1353 2042 quotuor
1377 1959 1410 2020 in

279 2079 319 2119 ea
342 2065 504 2118 contentas
522 2055 763 2140 propositiones
786 2058 821 2143 in
845 2056 1040 2142 supradictis
1060 2053 1202 2120 Comitiis
1223 2052 1311 2119 Cleri
1332 2055 1410 2120 Gal-

279 2152 381 2216 licani
412 2176 441 2216 a.
467 2153 555 2216 1682
585 2152 702 2216 labilis
733 2163 805 2216 oeta
835 2164 865 2215 et
886 2165 974 2237 posto
1005 2153 1137 2234 fuerunt
1167 2177 1235 2216 cum
1266 2153 1411 2216 omnibus

280 2261 311 2314 et
334 2249 467 2337 simpulis
483 2251 655 2329 mandatis,
681 2253 823 2330 arrectis,
848 2263 903 2316 cto.
921 2305 927 2317 .
947 2307 952 2317 .
972 2303 978 2316 .
995 2253 1065 2337 epse
1083 2256 1159 2341 jure
1173 2249 1276 2330 nulla,
1301 2253 1409 2331 irrita,

279 2346 446 2426 inualida,
481 2349 612 2426 inania,
648 2349 826 2434 viribusque
861 2361 891 2413 et
923 2348 1032 2435 effectu
1060 2351 1192 2435 penitus
1224 2360 1255 2412 et
1283 2351 1409 2412 omnino

279 2469 383 2510 uacua
406 2445 445 2509 ab
470 2447 563 2510 initio
587 2446 688 2524 fuisse
712 2457 741 2509 et
765 2469 830 2511 esse
854 2470 892 2510 ac
910 2458 1065 2532 perpetuo
1080 2447 1172 2532 fore,
1196 2448 1411 2531 neminemque

281 2544 326 2608 od
349 2541 476 2606 illorum
500 2593 559 2610 ...
585 2545 710 2607 etiamsi
724 2548 907 2633 juramento
931 2544 1056 2609 uallata
1079 2547 1152 2623 sint,
1177 2545 1412 2609 observantiam

283 2642 392 2721 teneri,
418 2653 523 2705 tenore
541 2645 762 2728 praesentiam
786 2643 983 2707 declaramus
1007 2654 1037 2707 et
1053 2643 1258 2707 decernimus.
1266 2641 1291 2726 1)
1336 2643 1411 2706 Dis-

280 2739 358 2804 tulit
386 2750 498 2804 tamen
526 2739 684 2805 Pontifex
716 2741 957 2827 aliquantisper
986 2741 1104 2806 Bullae
1134 2740 1409 2826 publicationem,

281 2837 341 2901 sed
365 2835 408 2900 ad
425 2847 563 2902 mortem
582 2838 786 2903 decumbens
811 2839 865 2903 die
880 2839 941 2904 30⁰
956 2840 1110 2905 Januarii
1126 2861 1155 2904 a.
1174 2838 1257 2902 1691
1285 2838 1330 2902 ad
1346 2839 1409 2902 Lu-

283 2935 441 2999 dcvioum
465 2936 552 2999 XIV
586 2936 678 3000 dedit
701 2937 844 3018 litteras,
881 2937 1002 3023 quibus
1026 2960 1102 3001 eum
1134 2935 1175 3000 de
1198 2936 1296 3000 Bulla
1322 2937 1409 3000 edita

282 3035 456 3097 certiorem
480 3034 590 3098 reddit
613 3045 646 3099 et
669 3038 761 3121 petit,
786 3047 823 3102 ut
837 3038 944 3121 ipsam
969 3040 1063 3122 aequi
1083 3037 1214 3121 bonique
1229 3035 1358 3115 tabeat,
1383 3047 1409 3099 et

281 3133 324 3196 ab
347 3134 504 3196 universis
526 3135 616 3219 repni
638 3135 803 3199 ordinibus
823 3135 962 3216 fideliter
985 3138 1108 3200 seruari
1123 3134 1249 3216 curati)
1289 3134 1409 3199 Paucis

283 3240 357 3315 post
380 3228 508 3312 diebus,
534 3231 587 3294 die
610 3231 650 3294 4⁰
669 3231 844 3296 Februarii
868 3256 897 3298 a.
925 3232 1020 3315 1691,
1046 3231 1240 3297 Alexander
1257 3232 1345 3297 VIII
1369 3255 1408 3296 ex

284 3327 346 3391 hac
371 3329 442 3390 vita
466 3327 617 3393 decessit.

372 3434 425 3498 59.
472 3432 637 3498 Gallicani
674 3434 795 3499 exinde
830 3437 865 3501 id
901 3439 1047 3500 maxime
1083 3437 1265 3520 urgebant,
1307 3449 1406 3503 actum

282 3531 420 3618 quidem
443 3530 687 3597 Declarationis
721 3533 844 3618 (omnio
876 3558 956 3620 quae
984 3545 1057 3599 octa
1090 3545 1119 3598 et
1140 3547 1229 3621 posta
1253 3536 1405 3622 fuerunt)

283 3640 417 3716 propter
440 3631 715 3715 irregularitatem
739 3634 787 3696 rei
817 3642 849 3696 et
873 3635 1164 3717 incompetentiam
1190 3644 1405 3698 auctoruma

282 3728 445 3794 Pontifice
469 3749 540 3792 esse
564 3730 739 3815 rejectum,
765 3731 949 3796 doctrinam
974 3753 1052 3795 vero
1077 3731 1314 3797 Declaratione
1338 3753 1404 3818 pro·

283 3829 425 3912 positam
440 3825 532 3889 nulla
547 3849 686 3892 censura
705 3851 775 3892 esse
791 3830 944 3893 affectam
961 3852 1023 3893 nec
1038 3828 1261 3915 reprobatam.
1298 3829 1404 3915 Atque

282 3947 322 3988 eo
347 3946 445 3987 sensu
468 3924 665 3989 Bossuetus:
701 3925 831 4008 „Abest
853 3926 1043 3991 Declaratio
1068 3948 1132 4012 quc
1156 3926 1309 4009 libuerit3
1340 3949 1402 3991 non

358 4128 380 4200 1)
400 4129 433 4186 V.
453 4127 562 4183 collect.
582 4127 695 4185 Lacens.
714 4129 745 4186 T.
765 4129 787 4184 I.
808 4146 833 4197 p.
853 4131 888 4185 89
907 4145 963 4198 sqq.

357 4211 380 4280 ²)
397 4210 501 4265 Ibidem
519 4227 544 4278 p.
564 4210 624 4268 834.
