3288 4900
460 405 518 460 ton
779 406 936 462 XXXVIII.
955 407 997 461 De
1015 406 1133 462 Concilio
1151 406 1320 461 Tridentino.

459 551 591 633 gatione
616 550 750 634 quidem
772 550 998 615 firmissimum
1014 550 1089 633 fuit,
1112 561 1147 614 at
1160 553 1269 637 reipsa
1284 554 1424 616 minime
1441 553 1579 630 firmum,

461 668 562 732 quum
594 649 775 733 oportuerit
803 657 918 732 postea
942 649 1045 713 variis
1068 649 1109 712 de
1133 651 1242 713 causis
1272 649 1354 714 illud
1386 646 1493 714 octies
1516 671 1580 734 pro·

459 766 586 828 rogare.

298 842 451 944 ‘ilssffioflg
551 843 628 908 108,
671 844 750 908 Post
779 845 957 909 sessionem
992 846 1188 928 vigesimam
1219 845 1400 909 secundam
1435 843 1583 908 habitam

314 967 430 1018 episcopo·
461 963 540 1004 mox
563 941 694 1005 articuli
719 941 761 1005 de
789 942 922 1006 Ordinis
935 940 1140 1006 decremento
1165 945 1331 1007 minorum
1355 943 1583 1026 theologorum

344 1041 403 1069 ‘¹¹¹³‘
461 1042 607 1104 examini
638 1039 753 1104 traditi
785 1051 877 1122 sunt,
909 1051 1008 1126 atque
1040 1043 1093 1105 isti
1120 1042 1192 1128 jam
1225 1041 1278 1105 die
1302 1042 1340 1105 2⁰
1364 1040 1524 1106 Octobris
1553 1061 1582 1101 re

460 1138 610 1204 confecta
634 1146 817 1202 conventus
841 1160 917 1203 suos
941 1138 1164 1204 absolverunt.
1212 1138 1278 1203 Sed
1303 1139 1436 1224 quando
1449 1139 1582 1221 Legatis

461 1236 638 1302 videbatur
662 1237 789 1299 itineris
813 1246 881 1301 tam
905 1237 996 1321 longi
1020 1236 1239 1302 aclaboriosi
1264 1247 1358 1302 meta·
1376 1234 1401 1300 a'
1420 1259 1456 1301 se
1481 1256 1581 1321 paene

461 1336 619 1417 contingi,
649 1335 868 1418 improvisum
893 1337 987 1420 quasi
1012 1337 1245 1421 praecipitium
1270 1335 1495 1413 offenderunt,
1530 1332 1582 1395 ibi-

461 1455 525 1520 que
557 1432 677 1518 pedem
710 1431 810 1515 figere
840 1435 946 1497 coacti
971 1443 1057 1500 sunt.
1104 1435 1174 1498 Nec
1199 1456 1410 1520 quocumque
1433 1431 1581 1496 adhibito

461 1541 582 1597 conatu
611 1529 707 1593 licuit
738 1532 820 1616 ipsis
843 1531 885 1594 ad
910 1541 1058 1616 optatum
1083 1534 1210 1596 exitum
1242 1532 1306 1596 sibi
1330 1533 1420 1595 viam
1446 1531 1581 1615 aperire,

461 1632 522 1694 nisi
548 1637 621 1714 post
644 1640 711 1692 tam
737 1627 867 1708 multos,
899 1639 1033 1715 tamque
1058 1630 1232 1694 diuturnos
1255 1629 1386 1694 labores
1409 1652 1449 1693 ac
1476 1628 1582 1691 discri-

462 1731 561 1805 mina,
591 1736 629 1791 ut
651 1736 791 1791 cunctae
815 1727 976 1792 hactenus
1000 1728 1150 1813 objectae
1182 1726 1395 1792 difficultates
1420 1749 1501 1811 prae
1525 1725 1580 1788 hac

461 1829 536 1890 viae
574 1824 692 1910 planae
732 1828 859 1890 censeri
897 1829 1074 1912 potuerint.
1129 1826 1279 1891 Placebit
1314 1829 1430 1911 paucis
1471 1824 1580 1889 audire

462 1924 642 2010 primordia
672 1933 740 1986 tam
764 1923 868 1988 validi
892 1946 931 1988 ac
956 1923 1180 1988 memorabilis
1207 1924 1381 2002 obstaculi,
1415 1923 1505 2008 quod
1531 1922 1580 1984 din

461 2023 632 2086 fraudavit
654 2044 694 2084 ac
719 2044 824 2106 paene
848 2024 881 2084 in
908 2022 1172 2106 desperationem
1206 2024 1371 2087 convertit
1394 2042 1489 2105 spem
1513 2042 1578 2083 eon·

462 2132 593 2205 ceptam
618 2122 792 2183 universae
817 2119 1000 2185 catholicae
1020 2119 1235 2205 reipublicae.
1634 2182 1635 2208 ,

554 2217 626 2282 109.
679 2219 718 2282 In
754 2219 892 2283 articulo
937 2228 1101 2304 postremo
1143 2241 1290 2282 errorum
1328 2218 1578 2282 Protestantium
1633 2242 1635 2297 j

463 2316 504 2380 de
540 2315 680 2396 Ordine,
733 2317 917 2381 secundum
956 2317 1095 2381 formam
1134 2318 1291 2381 anteriori
1324 2324 1476 2403 tempore
1516 2317 1577 2400 jam
1632 2299 1638 2346 ³¹

463 2414 640 2497 digestam,
684 2413 819 2497 quidam
858 2437 947 2478 error
983 2436 1141 2478 censurae
1179 2414 1445 2500 proponebatur:
1499 2410 1579 2486 Quod
1631 2435 1632 2438 ¹

463 2512 604 2598 episcopi
628 2511 822 2598 presbyteris
855 2518 990 2602 majores
1019 2534 1084 2576 coa
1115 2523 1217 2576 esseut
1247 2516 1323 2600 jure
1355 2511 1476 2576 divino.
1523 2508 1578 2576 Sed

463 2608 636 2673 Praesides
659 2618 842 2694 postremas
866 2632 975 2692 voces,
997 2615 1072 2700 jare
1096 2611 1215 2689 divino,
1241 2609 1457 2691 abstulerant,
1484 2610 1578 2689 veriti,

464 2729 505 2770 ne
530 2706 709 2790 disputatio
734 2707 776 2770 de
795 2707 871 2792 jure
894 2708 1061 2772 residendi
1078 2709 1198 2772 iterum
1213 2709 1438 2772 suscitaretur.
1447 2707 1472 2792 ¹)
1496 2706 1579 2770 Vole·
1634 2753 1635 2758 η

464 2804 547 2868 bant
569 2803 704 2889 quidem
730 2804 771 2868 de
794 2804 975 2868 residentia
998 2807 1229 2891 episcoporum
1255 2827 1362 2890 agere,
1388 2805 1446 2868 sed
1472 2825 1578 2868 cavere

464 2902 652 2983 stridebant,
677 2925 718 2966 ne
736 2923 824 2966 nova
839 2902 1031 2968 definitione
1048 2927 1143 2990 super
1158 2906 1375 2990 episcoporum
1391 2905 1578 2968 institutione

465 3001 563 3081 edita,
598 3001 775 3077 terminare
800 3010 996 3084 cogerentur
1019 3003 1091 3086 pari
1115 3001 1309 3065 delinitione
1333 2994 1577 3086 praecedentem

383 3119 384 3122 ’
465 3100 723 3162 controversiam
749 3097 795 3162 illi
820 3099 1000 3162 admodum
1026 3121 1223 3181 connexam,
1248 3109 1309 3163 aut
1322 3109 1409 3162 certe
1434 3100 1514 3165 inde
1537 3098 1577 3161 de·

466 3196 586 3260 ducere
611 3195 727 3258 eadem
752 3198 825 3280 ipsa
856 3195 1037 3279 corollaria,
1071 3219 1210 3283 quorum
1236 3220 1336 3260 causa
1361 3197 1404 3262 ab
1429 3198 1532 3262 altera
1552 3216 1578 3258 se

465 3293 704 3359 abstinuerant.
753 3294 898 3375 Quidam
923 3295 1164 3379 Hispanienses
1196 3293 1284 3358 illius
1309 3294 1515 3360 definitionis
1537 3315 1577 3356 cu-

465 3391 536 3476 pidi
553 3390 747 3456 Praesidum
765 3392 1000 3456 animadversa
1016 3393 1138 3475 agendi
1153 3394 1281 3456 ratione
1297 3395 1471 3476 conquesti
1496 3400 1576 3462 sunt;
1633 3449 1635 3460 ,

466 3499 565 3574 atque
589 3491 732 3573 primum
759 3489 913 3556 Oratores
937 3488 1068 3571 Gallici,
1095 3491 1172 3555 dein
1196 3489 1440 3576 archiepiscopi
1466 3489 1577 3554 Grana·
1634 3486 1635 3492 '

465 3589 578 3668 tensis,
607 3587 830 3670 Bracarensis,
863 3589 1096 3652 Messanensis
1117 3598 1149 3653 et
1180 3590 1354 3673 episcopus
1379 3587 1578 3671 Segoviensis

467 3685 609 3769 Legatos
626 3686 789 3768 adierunt,
815 3686 1073 3770 expostulantes,
1097 3685 1249 3750 abrasam
1266 3686 1368 3749 fuisse
1385 3685 1476 3750 illam
1493 3684 1577 3770 parti-

543 3953 562 4020 1)
583 3944 720 4006 Articulus
739 3951 786 4005 ille
805 3952 936 4019 septimus
955 3951 1160 4018 proscribendus
1185 3959 1251 4004 tunc
1278 3951 1319 4003 ite
1347 3957 1491 4016 conceptus
1514 3949 1571 4000 erat:

467 4033 630 4100 „Episcopos
649 4048 702 4085 non
717 4047 774 4086 esse
793 4031 957 4099 presbyteris
976 4032 1135 4099 superiores,
1155 4046 1203 4086 nec
1222 4030 1320 4084 habere
1338 4035 1500 4096 potestatem
1517 4021 1570 4076 ordi-

468 4112 565 4179 nandi;
584 4113 627 4165 vel
639 4112 662 4165 si
676 4127 735 4167 eam
747 4112 849 4166 habent
862 4128 919 4166 esse
938 4112 977 4166 eis
996 4128 1056 4165 cum
1075 4110 1240 4178 presbyteris
1254 4125 1420 4183 communem
1439 4116 1467 4162 et
1484 4106 1569 4161 ordines
1634 4161 1635 4164 Ἴ

465 4193 503 4246 ab
520 4193 585 4260 ipsis
605 4192 717 4245 collatos
736 4193 794 4246 sine
813 4193 904 4260 populi
924 4208 1054 4246 consensu
1073 4191 1166 4244 irritos
1186 4193 1268 4246 esse.“
1302 4191 1303 4198 ’
