3034 4894
399 473 440 528 De
458 471 548 532 initiis
564 471 877 541 pseudoreformationis.
1169 477 1204 530 35

90 615 185 698 batur,
222 616 374 680 Lovanio
409 637 468 702 per
503 615 629 680 litteras
661 626 827 698 evocarat,
868 627 904 681 ut
927 640 1012 703 quae
1037 618 1078 682 de
1103 641 1203 683 causa

89 713 216 778 Lutheri
241 715 347 801 deque
383 717 480 779 motis
517 716 752 779 controversiis
784 716 888 798 ipsius
912 725 998 779 esset
1029 719 1202 798 sententia,

89 834 233 895 praesens
265 813 472 877 consiliarius
506 807 741 878 sciscitaretur.
799 812 866 878 Ubi
902 811 1073 878 Coloniam
1112 817 1204 879 venit
1240 818 1331 857 Emi

88 909 246 992 Erasmus,
278 914 418 996 septimo
442 911 643 975 Novembris
674 911 718 974 ad
749 912 934 996 principem
961 922 1099 976 vocatus
1131 912 1203 996 fuit,

14 1015 15 1048 ³
89 1010 313 1094 quaesitusque
338 1010 534 1092 denegatio
559 1009 763 1091 Lutherano,
795 1031 870 1073 eum
902 1012 1011 1096 inquit
1033 1010 1205 1075 Ecclesiae

14 1119 15 1154 ἒ
88 1114 198 1170 statum
223 1129 304 1187 esse,
338 1109 394 1192 qui
425 1107 692 1171 reformationem
722 1109 856 1170 omnino
882 1107 1056 1189 desideret,
1085 1119 1118 1171 66
1141 1109 1204 1172 Lu·

14 1211 16 1282 ss
86 1203 207 1268 therum
240 1205 375 1290 quidem
407 1227 473 1270 non
497 1205 621 1290 injuria
651 1205 903 1290 reprehendisse
927 1208 1038 1270 varios
1070 1207 1203 1288 abusus,

87 1303 136 1386 qui
159 1303 365 1386 negligentia
391 1304 613 1388 praelatorum
649 1305 849 1387 irrepserint,
882 1325 1022 1389 quorum
1052 1304 1205 1368 emenda-

86 1402 202 1464 tionem
227 1402 306 1465 boni
332 1423 446 1465 omnes
465 1402 536 1486 jam
569 1401 698 1486 pridem
725 1401 959 1483 desiderarint3
991 1424 1053 1465 nec
1075 1402 1198 1485 deesse,

87 1499 137 1582 qui
159 1499 302 1582 probent
326 1500 431 1583 ipsius
455 1501 642 1562 institutum
668 1499 710 1562 ab
735 1498 890 1563 humanis
914 1500 1206 1564 constitutionibus

86 1603 114 1656 et
135 1598 272 1680 argutiis
296 1597 575 1661 Scholasticorum
600 1599 789 1678 avocantis3
814 1598 947 1661 interim
971 1599 1102 1682 scriptis
1130 1620 1205 1662 eum

87 1694 178 1757 nimis
201 1695 371 1776 acerbum,
396 1696 540 1759 ferocem
554 1705 585 1758 et
598 1694 778 1758 violentum
794 1695 909 1775 videri,
935 1695 1076 1780 ideoque
1093 1708 1205 1780 optan-

87 1790 169 1873 dum,
194 1801 232 1855 ut
255 1795 363 1877 posita
379 1795 550 1858 ferocitate
568 1793 772 1856 mansuetius
788 1803 874 1877 agat,
900 1793 1028 1878 sibique
1045 1803 1207 1878 temperet

86 1910 103 1950 a
123 1889 359 1955 maledicentia
383 1902 416 1956 et
439 1892 614 1955 verborum
632 1893 819 1975 asperitate,
844 1913 909 1976 qua
926 1889 1088 1954 bonorum
1103 1893 1203 1955 animi

86 1989 150 2051 sine
174 1989 278 2052 dubio
304 2012 438 2075 prorsus
462 1989 656 2054 alienentur.
707 1989 799 2052 Haec
823 1989 992 2071 Erasmus,
1026 1991 1119 2075 cujus
1143 2012 1205 2053 ser.

87 2106 210 2149 monem
237 2109 275 2150 eo
299 2090 465 2172 pertinere
482 2089 611 2150 censuit
626 2085 769 2167 Elector,
794 2088 889 2171 quasi
904 2087 987 2151 nihil
1005 2089 1040 2151 in
1056 2088 1205 2152 Luthero

86 2195 209 2266 praeter
234 2185 502 2249 vehementiores
526 2187 628 2249 animi
654 2193 764 2248 motus
788 2194 820 2247 et
843 2185 981 2248 nimiam
1014 2184 1092 2268 styli
1124 2207 1206 2249 mor·

87 2281 259 2347 dacitatem
284 2284 552 2368 reprehenderet.
600 2281 682 2346 Erat
705 2281 793 2346 illius
817 2284 882 2345 viri
906 2293 1039 2368 propter
1063 2285 1207 2347 nominis

87 2381 309 2447 celebritatem
333 2383 434 2446 etiam
458 2381 547 2466 apud
573 2382 740 2466 principes
765 2402 894 2444 summa
917 2383 1116 2463 auctoritas3
1150 2383 1207 2445 ita·

87 2501 142 2564 que
171 2481 343 2567 judicium
380 2479 450 2564 ejus
486 2480 527 2543 de
554 2477 701 2543 Luthero
740 2479 877 2564 ejusque
913 2501 1013 2543 causa
1049 2501 1207 2562 magnum

87 2580 208 2662 pondus
239 2578 366 2659 habuit,
403 2598 466 2662 quo
501 2579 657 2661 princeps
693 2577 906 2640 confirmatus
931 2575 1139 2641 Alcandrum
1176 2586 1208 2639 et

90 2675 323 2756 Oaracciolum,
348 2678 405 2761 qui
421 2675 612 2760 pontificiae
635 2673 745 2737 bullae
777 2676 1008 2739 executionem
1033 2675 1206 2758 urgebant,

90 2775 240 2860 deinceps
263 2774 380 2837 audire
405 2772 541 2838 noluit.“
550 2773 573 2854 1)

166 2873 224 2938 35.
271 2873 321 2934 Eo
345 2881 501 2956 tempore
518 2869 656 2934 Carolus
679 2870 711 2932 V
734 2870 919 2954 Imperator
941 2891 976 2932 se
999 2892 1107 2934 novae
1131 2869 1207 2934 hae-

94 2973 158 3034 resis
191 2969 428 3034 adversarium
462 2969 645 3034 declaravit
680 2970 716 3033 in
751 2970 893 3033 comitiis
917 2991 945 3033 a.
973 2970 1056 3034 1521
1084 2969 1207 3033 habitis

94 3063 298 3148 Wormatiae,
330 3089 395 3152 quo
420 3069 520 3131 etiam
544 3066 711 3130 Lutberus
735 3067 854 3130 citatus
878 3075 935 3132 est.
983 3067 1139 3131 Attamen
1173 3067 1207 3131 id

90 3166 207 3250 ipsum,
247 3164 351 3251 quod,
387 3188 489 3250 quum
512 3166 667 3230 Pontifex
702 3165 774 3249 jam
807 3164 996 3228 solemniter
1023 3166 1207 3229 Lutherum

89 3263 274 3329 damnasset
307 3263 458 3349 nihilque
489 3266 643 3349 potestati
677 3262 769 3327 civili
802 3263 967 3346 agendum
1005 3273 1103 3344 esset,
1143 3263 1207 3326 nisi

87 3365 314 3426 executionem
347 3384 462 3426 curare
493 3361 609 3425 Bullae
645 3361 785 3446 legitimi
816 3361 952 3445 judicis,
991 3360 1207 3424 nihilominus

88 3459 250 3524 Lutberus
274 3459 384 3524 adhuc
408 3470 484 3524 ante
507 3459 654 3523 tribunal
680 3458 830 3523 Caesaris
855 3467 886 3522 et
909 3460 1099 3543 principum
1130 3459 1208 3522 cita-

87 3572 179 3641 retur,
223 3567 259 3621 ut
297 3560 361 3644 ipsi
393 3559 560 3642 judicium
596 3557 729 3640 ferrent,
766 3557 865 3620 rectis
900 3557 1072 3641 principiis
1110 3577 1208 3641 oppo-

87 3658 182 3721 situm
207 3665 286 3720 erat.
334 3657 409 3720 Hac
433 3658 521 3720 enim
545 3655 666 3740 agendi
690 3657 817 3719 ratione
839 3652 1034 3718 laedebatur
1064 3655 1204 3738 superio·

85 3757 161 3819 ritas
184 3756 358 3842 potestatis
383 3754 626 3818 ecclesiasticae
643 3775 742 3838 super
757 3761 953 3838 potestatem
970 3751 1115 3832 civilem,
1140 3752 1206 3815 imo

159 4025 177 4089 ι)
197 4023 248 4090 Ap.
260 4021 395 4088 Raynald.
416 4036 440 4077 a.
455 4020 525 4075 1520
543 4036 573 4081 6.Ι
584 4021 632 4088 62;
651 4018 820 4087 Ulenbergus
839 4017 868 4072 in
880 4017 948 4073 Vita
964 4016 1079 4072 Lutheri
1100 4033 1121 4073 c.
1135 4017 1160 4072 5.
1175 4047 1207 4057 -

86 4102 161 4158 Dixit
173 4110 316 4172 practerea
325 4104 463 4166 Erasmus,
483 4101 598 4156 Lutheri
611 4101 712 4156 crimen
725 4101 899 4169 praecipuum
916 4113 982 4164 esse,
1003 4097 1074 4164 quod
1096 4096 1209 4150 nimium

89 4181 229 4237 offenderit
255 4198 380 4237 coronam
403 4181 544 4236 Pontificis
570 4188 598 4236 et
621 4187 745 4236 ventrem
768 4181 965 4236 monachorum.
1010 4174 1065 4234 Ofr.
1092 4177 1208 4231 Jansscn

88 4262 105 4318 l.
124 4278 145 4319 6.
165 4263 281 4320 1L147.

1047 4347 1084 4402 3*

1245 881 1319 930 culpa.
