3288 4900
424 478 536 534 Concilii
554 479 678 547 periodus
698 477 789 535 tertia.
1113 477 1165 531 167

64 635 231 688 conventus
242 623 442 689 Basileensis
465 623 508 687 ab
533 624 613 708 ipsis
629 621 844 707 comprobati.
882 621 955 684 Hoc
967 622 1056 685 enim
1071 630 1167 705 pacto
1185 627 1264 669 Mo
1279 625 1337 666 0⁰¹²·

63 743 164 804 parum
188 721 252 785 illis
276 722 425 786 timenda
444 722 585 785 fuissent
601 720 772 784 Pontificis
787 721 890 783 vetita
914 741 954 782 ac
971 740 1096 803 poenae
1121 721 1168 782 in·
1231 692 1287 732 Μ’

64 818 173 896 dictae3
205 840 280 883 cum
306 841 436 904 semper
459 819 576 883 iisdem
601 818 714 882 liceret
737 840 776 880 ea
799 816 985 896 retundere,
1017 837 1054 880 eo
1079 817 1168 902 quod
1237 892 1244 903 .

63 914 232 981 Concilium
262 927 486 981 convocarent
516 915 569 979 vel
600 917 842 994 minitarentur,
877 916 930 978 cui
961 914 1086 978 idcirco
1114 917 1168 978 tri·

62 1012 193 1078 buebant
223 1017 454 1078 auctoritatem
486 1036 586 1098 supra
619 1013 817 1077 Pontificem
849 1022 882 1076 et
912 1022 1037 1098 quanta
1068 1014 1167 1076 sitin

60 1113 195 1177 Ecclesia
220 1112 459 1199 plenissimam.
513 1113 554 1175 In
589 1110 841 1196 quaestionibus
883 1113 1006 1175 exortis
1053 1133 1167 1174 vocem

60 1210 229 1295 quamlibet
244 1209 452 1290 recusabant,
478 1203 563 1296 quae
578 1211 698 1273 summi
712 1209 885 1273 Pontificio
902 1210 1166 1294 praerogativam

59 1331 144 1393 snpra
168 1307 356 1374 Concilium
391 1318 531 1388 sonaret,
564 1329 715 1393 quaeque
747 1316 804 1370 aut
828 1306 1056 1370 Florentinum
1082 1328 1167 1370 com-

58 1406 208 1490 probaret,
235 1418 294 1471 aut
317 1407 464 1470 officeret
488 1406 680 1470 Basileensi.

135 1505 209 1568 126.
239 1506 413 1589 Principes
436 1515 495 1568 aut
518 1514 605 1568 certe
630 1506 775 1588 ipsorum
794 1503 918 1588 politici
935 1504 1076 1568 ministri
1095 1503 1167 1587 plus

58 1602 196 1666 minusve
222 1601 403 1687 cupiebant
427 1596 591 1686 episcopis
615 1624 748 1665 suarum
774 1603 946 1684 regionum
976 1600 1166 1684 gratificari,

56 1720 181 1783 quorum
207 1699 394 1785 amplitudo
419 1721 485 1763 non
510 1722 583 1763 eam
608 1701 689 1785 ipsis
713 1699 969 1763 sollicitudinem
994 1696 1166 1775 inferebat,

56 1818 141 1880 qnam
178 1798 353 1863 Pontificis
393 1797 552 1862 celsitudo
592 1819 632 1861 ac
668 1807 822 1882 potestas.
875 1797 951 1861 Huc
988 1794 1169 1859 accedebat

56 1893 167 1978 odium,
194 1917 260 1982 quo
285 1895 332 1960 illi
358 1895 608 1960 detestabantur
631 1895 755 1960 abusus
779 1896 950 1982 quosdam,
975 1915 1056 1979 quos
1076 1915 1168 1978 prae·

55 1992 229 2059 tendebant
253 1994 364 2057 adhuc
389 1995 424 2059 in
447 1993 536 2059 Aula
560 1995 710 2058 Romana
733 1997 918 2079 persistere.
942 2031 985 2041 -
1009 1992 1167 2056 Jamvero

56 2092 202 2172 quoniam
238 2093 345 2155 acrior
369 2101 418 2155 est
440 2091 616 2175 aemulatio
649 2113 727 2175 erga
755 2093 912 2177 majorem
945 2092 1167 2176 propinquum

55 2187 83 2249 in
98 2189 212 2271 gradu,
239 2212 339 2274 quam
364 2211 442 2273 erga
466 2191 662 2270 maximum,
687 2190 914 2276 Hispanorum
938 2186 1101 2274 postulato
1126 2187 1168 2250 de

53 2285 276 2351 reformatione
294 2286 523 2352 Cardinalium
548 2287 659 2372 plures
682 2287 851 2368 favebant,
876 2309 991 2350 eorum
1016 2285 1168 2351 emenda-

52 2385 163 2448 tionem
189 2395 263 2448 tum
288 2387 323 2449 in
340 2387 592 2470 praerogativis,
617 2397 687 2450 tum
712 2389 746 2450 in
768 2407 914 2467 munere,
939 2396 1009 2449 tum
1034 2386 1069 2448 in
1093 2405 1168 2446 con-

53 2481 236 2566 ditionibus,
268 2494 338 2549 tum
363 2486 397 2547 in
422 2482 681 2568 obligationibus
713 2485 910 2569 flagitantes.
958 2483 1075 2566 Legati
1105 2481 1168 2545 bac

52 2578 86 2642 de
107 2604 140 2645 re
158 2580 260 2645 valde
277 2581 527 2663 sollicitiorem,
552 2583 769 2647 formidantes
785 2605 825 2646 ne
842 2584 978 2666 agitatio
994 2591 1164 2645 cresceret.

51 2675 174 2743 Etenim
201 2681 356 2764 quamvis
381 2679 469 2744 Galli
493 2680 526 2744 id
552 2703 619 2744 non
650 2681 830 2745 admodum
856 2688 1024 2765 cuperent,
1056 2689 1167 2743 mmen

51 2776 226 2840 verendum
251 2787 330 2859 erat,
355 2800 396 2841 ne
421 2778 464 2842 ad
481 2779 748 2864 consequendam
766 2779 992 2863 Hispanorum
1016 2800 1112 2862 opem
1132 2781 1166 2843 in

50 2875 108 2938 suis
137 2874 324 2960 postulatis,
358 2898 433 2940 cum
467 2878 546 2961 ipsis
578 2878 611 2941 in
644 2899 681 2941 eo
713 2880 846 2962 negotio
871 2875 954 2941 nibil
978 2876 1042 2940 sibi
1066 2878 1166 2942 noxio

50 2969 155 3036 foedus
187 2974 321 3039 inirent.
368 2972 402 3038 Si
436 2996 513 3038 vero
538 2974 695 3038 Pontifex
725 2975 871 3056 vetabat,
902 2997 945 3039 ne
978 2975 1166 3038 Concilium

49 3066 131 3133 illum
148 3071 312 3136 Ordinem
337 3072 540 3157 reformaret,
565 3074 683 3157 ingens
708 3074 786 3138 inde
810 3074 993 3136 acrimonia
1017 3073 1166 3137 offensio-

49 3187 103 3249 que
134 3171 286 3232 omnium
316 3178 642 3234 transmontanorum
673 3170 941 3256 praevidebatur.
989 3170 1024 3235 Si
1055 3169 1098 3233 ad
1132 3168 1166 3233 id

48 3266 300 3345 permittendum
324 3278 462 3352 paratus
487 3278 566 3350 erat,
590 3271 703 3353 gravis
720 3268 1050 3334 animadvertebatur
1066 3291 1167 3332 causa

47 3363 244 3447 suspicandi,
269 3387 311 3428 ne
335 3365 392 3429 ubi
421 3388 496 3429 cum
521 3376 634 3451 aperto
658 3367 828 3452 religionis
847 3367 956 3432 studio
974 3369 1167 3431 misceretur

47 3459 137 3524 ardor
166 3461 315 3525 invidiae
346 3462 452 3527 latens
476 3464 529 3528 vel
554 3467 642 3549 ipsos
666 3466 797 3530 animos
821 3465 878 3529 ubi
913 3466 1012 3550 degit,
1046 3466 1088 3530 ab
1113 3489 1166 3529 ex·

45 3565 164 3622 structa
201 3560 443 3624 emendationis
467 3561 624 3625 machina
659 3562 899 3647 deprimeretur
933 3585 972 3626 ea
1011 3564 1165 3658 dignitas,

47 3673 124 3735 quae
156 3659 356 3743 praecipuus
379 3657 536 3743 splendor
559 3668 608 3723 est
631 3659 802 3724 Ecclesiae
825 3661 995 3726 Romanae
1020 3686 1166 3727 suorum·

46 3771 104 3833 que
128 3753 370 3839 Pontificum.¹)
408 3794 449 3803 —·
484 3759 551 3821 Ista
576 3759 677 3841 igitur
699 3758 769 3822 fere
793 3769 863 3823 erat
888 3758 1029 3825 Concilii
1053 3762 1163 3834 facies.

132 3852 206 3915 127.
254 3854 373 3937 Legati
407 3855 712 3919 animadvertentes
743 3858 861 3940 gravia
897 3857 1086 3941 obstacula,
1127 3882 1165 3924 eo

47 3947 131 4010 viam
162 3972 256 4013 suam
291 3952 495 4032 direxerunt,
527 3954 738 4037 permittente
762 3954 924 4020 Pontifice
953 3965 986 4020 et
1014 3956 1165 4021 hortante

48 4039 193 4128 Caesare,
227 4058 263 4111 ut
287 4051 515 4134 quaestionem
540 4051 580 4115 de
605 4062 766 4135 potestate
789 4053 961 4118 Pontificis
986 4066 1018 4118 et
1042 4057 1164 4140 episco-

115 4255 135 4325 ¹)
155 4257 224 4312 Vide
242 4258 373 4316 Pallavic.
392 4261 423 4318 L.
444 4262 518 4317 XXI.
539 4263 567 4318 (t.
587 4263 635 4318 IV.
656 4279 683 4320 n.
703 4266 720 4319 5
738 4281 794 4332 sqq.
