2964 4912
356 475 396 528 De
416 473 617 526 Constitutione
640 475 812 544 Unipcaitas.

546 790 629 854 111.
690 775 698 808 ³

45 911 403 976 reconsecratione
417 955 446 992 „
457 913 544 976 aaa
550 914 770 992 9611111111ί
793 930 842 975 ac
860 914 909 975 de
925 915 1146 978 schismate

452 1019 731 1098 UltraJecttae..

119 1177 168 1240 74.
216 1177 294 1240 Post
317 1198 434 1261 pacem
459 1174 700 1239 Clementinam
726 1177 936 1240 Jansenistae
968 1179 1144 1262 perplura

43 1271 188 1337 decennia
213 1277 278 1338 otio
303 1275 413 1359 aliquo
437 1274 528 1337 fruiti
555 1283 641 1354 sunt,
667 1296 768 1359 quum
793 1274 932 1338 subdola
949 1299 1007 1338 sua
1023 1277 1144 1360 agendi

40 1371 151 1433 ratione
176 1393 213 1434 eo
241 1374 477 1456 pervenissent,
510 1383 545 1435 ut
570 1372 642 1456 jam
667 1374 701 1434 in
726 1373 799 1435 sinu
824 1371 993 1436 Ecclesiae
1017 1373 1146 1437 occulte

40 1488 149 1532 errores
180 1491 258 1532 suos
287 1469 400 1533 fovere
431 1478 463 1532 et
486 1491 639 1554 spargere
671 1478 813 1554 possent.
860 1470 969 1554 Atque
998 1492 1035 1533 eo
1066 1481 1143 1534 tern-

39 1588 113 1648 pore,
144 1567 276 1631 saeculo
306 1567 575 1652 decimoseptimo
607 1567 648 1631 ad
673 1568 774 1631 finem
798 1579 963 1650 vergente,
996 1569 1144 1633 favorem

39 1666 203 1747 quemdam
228 1666 340 1750 adepti
365 1687 434 1729 esse
460 1665 616 1728 videntur
647 1667 746 1728 etiam
770 1666 859 1750 apud
884 1666 1002 1730 multos
1027 1665 1145 1730 Catho-

37 1760 104 1826 licos
127 1774 350 1849 praestantes,
391 1766 436 1827 ita
461 1775 497 1826 ut
520 1763 618 1827 factio
650 1764 801 1848 quidem,
836 1774 998 1848 quatenus
1028 1787 1145 1849 corpus

38 1861 193 1943 quoddam
220 1871 429 1946 compactum
455 1862 690 1943 constituebat,
720 1884 786 1925 non
810 1862 949 1924 multum
975 1877 1144 1945 cresceret,

37 1959 84 2021 sed
107 1960 312 2024 Jansenismi
335 1960 407 2022 viro
434 1958 567 2044 plurimi
592 1968 852 2045 aspergerentur.
894 1959 1006 2038 Quum
1032 1962 1145 2025 turbas

36 2067 155 2138 apertas
172 2058 385 2123 Jansenistae
400 2077 467 2119 non
484 2058 676 2138 excitarent,
702 2059 888 2120 auctoritati
904 2058 1145 2122 ecclesiasticae

36 2157 151 2220 occasio
167 2177 237 2220 non
252 2153 483 2240 praebebatur,
500 2164 536 2217 ut
549 2177 678 2219 summa
690 2157 865 2218 severitate
879 2167 992 2220 contra
1008 2179 1061 2220 eos
1074 2179 1144 2242 pro·

36 2253 164 2336 cederet,
191 2263 224 2317 61
248 2253 382 2339 quidem
407 2264 545 2316 eventus
568 2255 668 2316 etiam
686 2253 888 2334 acciderunt,
913 2265 1046 2338 propter
1062 2278 1143 2340 quos

34 2371 178 2433 perversa
195 2351 217 2416 J
220 2352 400 2414 ansenismi
424 2351 595 2414 tendentia
612 2353 722 2414 minus
746 2352 978 2416 animadversa
995 2363 1052 2417 est.
1092 2355 1144 2417 Ita

34 2449 61 2510 in
77 2451 301 2513 controversia
316 2449 357 2512 de
373 2447 496 2532 repulia
512 2452 598 2512 inter
612 2449 822 2512 Ludovicum
833 2450 916 2512 XIV
933 2459 965 2512 et
979 2450 1011 2515 S.
1024 2450 1144 2515 Sedem

34 2557 145 2629 exorta,
162 2548 183 2612 J
187 2549 374 2611 ansenistae
390 2547 500 2631 plures
515 2556 624 2632 partes
636 2549 712 2610 tuiti
726 2557 801 2610 sunt
812 2547 951 2611 Romani
962 2549 1144 2631 PontIficis,

34 2643 101 2708 dum
125 2668 251 2730 magna
275 2667 351 2730 pars
378 2645 455 2708 cleri
479 2654 549 2708 tum
574 2645 752 2708 saecularis
775 2654 845 2708 tum
869 2645 1028 2728 regularis
1046 2669 1144 2710 caeca

33 2743 168 2826 quadam
193 2742 415 2806 admiratione
438 2743 604 2806 Ludovici
618 2743 702 2806 XIV
727 2745 790 2827 ipsi
814 2743 953 2824 eederet,
1001 2744 1074 2807 Hoc
1097 2766 1143 2808 16-

31 2841 127 2922 galiae
152 2843 325 2924 negotium
349 2849 381 2903 et
405 2839 652 2904 Gallicanorum
676 2839 861 2904 Declaratio
889 2864 918 2908 1.
947 2842 1030 2906 1682
1055 2841 1143 2905 edita

31 2937 117 3002 Sedis
141 2939 315 3002 Romanae
346 2938 604 3002 sollicitudinem
635 2948 667 3001 et
699 2961 793 3002 curas
818 2940 962 3002 maxime
986 2939 1049 3003 sibi
1073 2941 1144 3002 vin·

31 3035 175 3118 dicabat3
201 3046 372 3120 praeterea
390 3035 518 3100 Galliae
532 3059 592 3100 rex
616 3058 691 3100 cum
707 3037 868 3100 Pontifice
884 3039 1077 3101 Innocentio
1093 3038 1144 3100 XI

29 3137 164 3198 acriores
185 3133 260 3196 lites
276 3133 395 3197 habuit
409 3143 543 3220 propter
559 3134 751 3218 abrogatam
768 3137 882 3198 merito
901 3137 1143 3199 immunitatem

29 3231 103 3314 asyli
129 3233 357 3295 ministrorum
380 3254 496 3316 regum
520 3241 552 3294 et
574 3233 773 3317 principum,
808 3254 910 3317 quum
935 3255 976 3295 ex
999 3233 1063 3296 hac
1086 3235 1144 3296 im·

30 3333 185 3392 munitate
210 3331 346 3414 ejusque
369 3329 475 3393 abusu
499 3331 647 3394 maxima
679 3330 800 3394 damna
824 3330 947 3394 Romae
971 3333 1143 3395 orirentur.

28 3425 168 3490 Exortae
192 3429 316 3512 pariter
339 3435 416 3490 sunt
439 3425 501 3490 hoc
524 3435 671 3510 tempore
696 3431 938 3492 controversiae
962 3428 1002 3491 de
1025 3428 1144 3491 ritibus

28 3521 221 3590 Sinensibus
247 3534 278 3588 et
301 3524 522 3590 Malabaricis.
572 3524 684 3605 Quum
715 3527 769 3589 isti
800 3529 883 3589 ritus
906 3527 1100 3611 praesertim
1124 3549 1144 3589 a

27 3620 159 3687 Jesuitis
190 3622 274 3686 liciti
306 3621 508 3686 haberentur
531 3631 563 3684 et
586 3625 864 3707 permitterentur,
895 3627 937 3688 ab
971 3625 1044 3688 aliis
1076 3646 1142 3688 non

24 3723 136 3801 paucis
153 3719 423 3804 improbarentur
447 3729 479 3783 et
501 3719 726 3804 rejicerentur,
751 3723 886 3805 agitatio
904 3725 1090 3786 animorum
1108 3724 1142 3784 in

26 3815 83 3881 hae
106 3819 166 3882 lite
191 3826 307 3882 exorta
331 3827 388 3900 est,
422 3817 527 3881 donee
552 3817 686 3894 demum
710 3840 729 3881 a
752 3819 932 3883 Benedicto
957 3820 1041 3883 XIV
1066 3820 1142 3883 defi·

26 3916 127 3979 nitiva
151 3914 331 4000 prohibitio
357 3915 488 3980 illorum
511 3917 635 3980 rituum
659 3917 779 3980 emissa
802 3917 875 3980 fuit.

112 4029 165 4094 75.
212 4029 253 4092 In
276 4031 501 4095 Universitate
525 4032 727 4095 Levaniensi
757 4054 871 4096 versus
895 4032 994 4095 finem
1019 4032 1142 4095 saeculi

25 4125 278 4212 decimiseptimi
303 4137 335 4192 et
358 4129 588 4213 subsequentis
612 4130 707 4192 initio
729 4129 993 4194 Jansenistarum
1018 4152 1143 4193 errores

25 4225 75 4288 vel
99 4227 273 4310 opiniones
297 4229 337 4290 iis
352 4226 468 4290 affines
485 4224 545 4289 sub
563 4227 696 4290 nomine
710 4227 972 4313 Aapasticoismi,
997 4227 1142 4291 fautores

1167 2343 1299 2383 Controver-

1160 2409 1207 2446 siae
1221 2407 1305 2445 variae.
