2964 4912
312 485 365 540 292
708 486 766 544 XL.
805 487 845 540 De
863 487 1042 544 Jansenismo.

198 679 200 684 .
254 675 256 681 a
313 627 371 691 sed
387 630 487 692 etiam
499 629 747 694 Universitates
756 631 988 714 Lovaniensis,
1012 633 1176 696 Duacena
1192 643 1226 697 et
1236 636 1422 698 Parisiensis

313 725 509 791 solutionem
534 751 630 792 casus
654 728 844 792 solemniter
866 729 1098 815 reprobarunt.

404 825 456 888 80.
506 824 672 904 Quoniam
696 835 806 890 tamen
831 827 1042 891 Jansenistae
1066 850 1197 914 semper
1221 831 1256 893 in
1279 851 1424 914 perversa

311 945 371 986 sua
381 925 543 986 sententia
552 923 781 1007 persistebant,
792 925 900 1009 quoad
910 924 1031 1000 facturn
1040 926 1193 990 sufficere
1202 927 1422 1014 obsequiosum

310 1020 364 1084 vel
387 1019 576 1104 religiosum
601 1019 778 1103 silentium,
804 1044 908 1107 eaque
932 1024 988 1085 via
1013 1021 1273 1089 Constitutiones
1297 1025 1422 1111 Aposto-

309 1117 391 1181 licas
415 1115 604 1199 eludebant,
630 1119 814 1183 doctrinam
839 1141 917 1184 vero
932 1119 1174 1185 Jansenianam
1200 1125 1235 1187 in
1261 1123 1357 1187 corde
1373 1145 1422 1186 suo

310 1215 497 1279 retinebant
520 1226 552 1280 et
576 1215 660 1283 clam
692 1217 964 1302 disseminabant,
996 1217 1150 1283 Clemens
1172 1221 1224 1285 XI
1256 1221 1423 1285 demuma

310 1313 439 1378 Galliae
476 1335 553 1397 rege
587 1323 619 1378 et
649 1315 816 1380 nonnullis
848 1318 1012 1401 episcopis
1050 1327 1184 1402 rogatus
1223 1341 1311 1383 anno
1346 1319 1423 1382 1705

308 1411 440 1476 Bullam
464 1412 569 1477 edidit
598 1413 730 1478 Vineara
741 1415 874 1478 Domini
897 1413 1046 1499 Sabaoth,
1071 1417 1106 1480 in
1131 1439 1196 1502 qua
1221 1415 1423 1480 Constitutio-

309 1533 368 1574 nes
390 1511 578 1574 Innocentii
602 1511 636 1574 X
672 1523 703 1575 et
734 1511 918 1576 Alexandri
943 1512 1009 1576 VII
1040 1514 1265 1595 confirmavit,
1290 1515 1424 1578 Litteras

310 1607 491 1672 Clementis
513 1609 565 1674 IX
596 1617 628 1672 et
655 1609 843 1674 Innocentii'
868 1611 937 1674 XII
966 1612 1001 1673 in
1025 1611 1130 1674 forma
1154 1612 1273 1676 Brevis
1297 1613 1424 1677 datasa

308 1705 399 1782 falsis
409 1705 673 1771 Jansenistarum
689 1707 1017 1794 interpretationibus
1029 1709 1227 1791 vindicavit,
1247 1708 1423 1773 doctrinam

308 1807 343 1867 in
359 1803 462 1868 relato
474 1803 561 1868 Casu
585 1807 804 1870 sonscientise
829 1816 1016 1870 contentam
1039 1807 1213 1870 damnavit
1237 1806 1422 1870 declaravit·

309 1924 390 1989 que,
438 1902 634 1966 obedientiae
669 1927 749 1988 quae
792 1906 1003 1988 praeinsertis
1042 1904 1236 1990 Apostolieis
1278 1903 1422 1970 Constitu

309 2001 447 2064 tionibus
476 1999 606 2064 debetur
637 2000 816 2086 obsequiosa
847 2001 903 2065 illo
942 2002 1068 2065 silentio
1103 2004 1229 2066 rninirne
1265 2002 1423 2085 satisfieri

308 2099 363 2162 sed
386 2099 570 2162 damnatura
593 2099 628 2160 in
650 2100 783 2184 quinque
801 2099 968 2185 praefatis
985 2099 1262 2184 propositionibus
1281 2098 1423 2163 Jansenii

249 2258 251 2261 ,
308 2197 384 2261 libri
414 2217 547 2274 sensum,
579 2219 667 2281 quera
699 2194 829 2260 illarum
851 2196 947 2260 uerba
965 2220 1049 2282 prae
1072 2219 1104 2261 se
1121 2198 1247 2283 ferunt,
1280 2208 1317 2260 ut
1339 2219 1420 2282 prae·

299 2295 428 2380 fertur,
462 2295 501 2358 ab
525 2293 667 2358 omnibus
694 2292 812 2359 Christi
832 2294 986 2377 fidelibus
1015 2305 1050 2358 ut
1079 2297 1269 2359 baeretiaum
1293 2318 1359 2359 non
1380 2315 1421 2356 ore

307 2392 407 2456 solurn
430 2393 485 2456 sed
508 2403 537 2455 et
561 2391 653 2454 corde
676 2393 767 2482 rejici
790 2415 827 2455 aa
851 2393 1000 2457 damnari
1024 2393 1143 2471 debere,
1167 2416 1223 2457 nec
1240 2394 1314 2458 alia
1335 2402 1421 2456 mente

307 2492 412 2554 animo
445 2513 482 2552 aa
515 2489 702 2554 credulitate
734 2513 833 2576 supra
857 2491 959 2554 dictae
975 2491 1140 2576 formulae
1169 2489 1328 2554 subscribi
1350 2489 1421 2552 licite

300 2610 405 2673 posse.
452 2587 546 2651 Haec
570 2586 667 2651 Bulla
696 2588 813 2652 eodem
842 2609 929 2651 anno
953 2610 973 2651 a
989 2587 1083 2652 Clero
1108 2587 1284 2652 Gallicano
1314 2589 1350 2651 in
1373 2585 1419 2649 Co·

307 2687 409 2750 mitiis
433 2694 465 2749 et
481 2709 501 2748 a
516 2683 665 2750 Sorbona
689 2695 870 2770 acceptata,
895 2709 914 2749 a
933 2685 1042 2750 Curiis
1065 2688 1158 2770 regni
1182 2687 1218 2750 in
1244 2685 1419 2770 catalogum

305 2784 417 2868 legum
448 2782 659 2868 politicarum
683 2783 800 2865 relata,
835 2793 867 2847 et
897 2790 939 2847 ab
971 2785 1152 2868 episcopis,
1189 2804 1256 2846 uno
1292 2791 1418 2866 excepto

307 2880 556 2966 Pontiopolensi
581 2879 817 2966 (Saint-Pons),
841 2881 1011 2966 publicata
1035 2891 1093 2946 est.
1120 2919 1162 2928 —
1186 2881 1319 2945 Eadem
1336 2877 1418 2943 Bulla

307 2981 361 3042 cui
378 2978 633 3060 subscriberent,
652 2981 819 3064 proposita
831 2980 894 3042 fuit
906 2978 1107 3043 monialibus
1120 2979 1350 3064 Portus-Regii
1363 2982 1416 3058 (ex-

306 3087 357 3141 tra
372 3076 507 3162 muros),
533 3099 673 3161 quarum
690 3075 826 3141 abbatia
850 3098 980 3161 semper
995 3086 1065 3141 erat
1081 3078 1261 3162 primarius
1277 3076 1416 3139 refracta·

305 3177 430 3239 riorum
453 3173 545 3238 locus
570 3185 603 3238 et
625 3177 720 3260 quasi
744 3185 903 3240 centrum.
932 3174 1043 3255 Quum
1062 3197 1138 3239 vero
1162 3175 1246 3237 istae
1270 3171 1417 3238 moniales

305 3276 340 3337 in
372 3295 432 3336 sua
461 3282 574 3336 contra
599 3271 858 3337 Constitutiones
881 3271 1090 3358 Apostolicas
1119 3271 1303 3336 rebellione
1335 3269 1415 3356 perti·

306 3393 414 3452 neces,
447 3370 683 3435 Constitutioni
715 3370 895 3435 Clementis
932 3372 1065 3435 nonnisi
1105 3392 1180 3434 cum
1211 3371 1415 3442 restrictione,

305 3468 406 3533 salvis
430 3490 550 3553 nempe
575 3470 615 3531 iis
639 3490 724 3553 quae
747 3491 805 3553 pro
831 3492 865 3532 se
889 3479 925 3532 ut
950 3468 1107 3533 dicebant
1130 3470 1165 3532 in
1180 3491 1265 3554 pace
1282 3467 1414 3533 Clemen-

304 3568 373 3630 tine
397 3566 520 3631 fuerint
550 3565 692 3648 decreta,
724 3567 931 3651 subscribere
955 3566 1088 3648 vellent,
1120 3589 1236 3648 earum
1269 3573 1414 3630 monast·

303 3666 391 3728 rium
419 3663 576 3728 mandato
605 3666 692 3748 regis
723 3673 755 3728 et
785 3686 921 3728 assensu
960 3664 1203 3750 archiepiscopi
1234 3659 1415 3728 Parisiensis

306 3760 493 3826 Cardinalis
516 3761 638 3825 Noallii
669 3785 698 3826 a.
725 3763 811 3827 1709
841 3761 1001 3826 abolitum
1035 3772 1093 3828 est.
1140 3762 1239 3848 Ipsae
1260 3783 1340 3824 -vero
1366 3777 1412 3842 per

305 3855 399 3924 'traria
424 3859 584 3924 coenobia
608 3859 775 3944 dispersae
800 3863 886 3942 sunt,
919 3861 955 3923 in
987 3860 1108 3945 quibus
1141 3860 1262 3924 melius
1291 3859 1412 3922 edoctae

304 3959 392 4020 intra
415 3967 556 4043 quatuor
567 3979 682 4040 annos,
708 3980 774 4020 una
789 3967 938 4043 excepta,
964 3979 999 4022 se
1016 3959 1317 4023 Constitutionibus
1331 3953 1411 4020 Sedis

305 4054 515 4139 Apostolicae
539 4055 774 4120 submiserunt.

395 4152 446 4218 81.
486 4152 624 4216 interim
643 4153 715 4237 jam
740 4152 965 4216 efferbuerunt
988 4175 1095 4217 novae
1119 4154 1239 4218 turbae
1263 4167 1409 4217 excausa

304 4251 471 4314 Paschasii
487 4248 659 4322 Quesnelli.
697 4250 730 4314 Is
747 4273 776 4314 a.
796 4251 882 4315 1634
897 4260 1003 4338 natus,
1029 4251 1183 4316 sacerdos
1200 4262 1271 4317 erat
1282 4245 1406 4317 Oratorii
