3288 4900
222 619 226 626 ·
237 596 379 646 Argumenta

225 660 340 701 contraria
350 670 387 700 ex·

234 722 371 772 penduntur.

397 453 432 506 90
719 450 873 503 XXXVIII.
893 451 933 504 De
952 450 1071 504 Concilio
1090 448 1256 503 TrideutIno.

398 595 503 676 divin,
529 604 613 658 cette
638 594 790 679 majoriis
815 593 924 657 refusa
948 595 967 656 a
990 595 1120 656 ecraser
1142 593 1174 658 la
1199 582 1418 671 minorite.“¹)
1456 592 1511 656 Sed

398 694 599 756 contrarium
630 692 770 754 refertur
800 690 865 754 illis
894 690 1005 754 verbis
1029 690 1212 754 Massarelli
1237 689 1416 754 Secretarii
1440 690 1511 753 Con-

397 789 480 853 cilii:
515 788 635 873 „Quae
666 797 743 853 vote
776 789 911 853 fuerunt
943 810 1002 873 per
1026 809 1077 850 me
1103 791 1315 852 secretarium
1351 788 1419 853 alta
1442 810 1511 852 voce

395 887 490 969 lecta,
525 897 558 951 et
589 887 632 951 ab
657 887 812 951 omnibus
846 886 1074 971 comprobata:
1111 908 1251 971 quorum
1287 910 1418 952 summa
1440 887 1509 950 haec

396 995 462 1049 est:
487 986 550 1049 Pro
575 995 668 1070 perte
692 985 893 1048 affirmativa
918 994 995 1048 sunt
1018 993 1053 1047 n⁰
1078 984 1131 1049 66.
1167 984 1231 1050 Pro
1248 996 1342 1070 parte
1367 987 1508 1070 negativa

396 1083 599 1168 simpliciter,
632 1082 687 1147 vel
719 1105 795 1146 cum
828 1081 941 1167 aliqua
976 1082 1147 1147 additione
1176 1082 1229 1148 vel
1253 1085 1447 1147 remissione
1475 1082 1509 1146 ad

396 1181 428 1247 S.
454 1182 496 1245 D.
521 1181 562 1245 N.
586 1202 707 1266 papam
733 1189 810 1243 sunt
833 1189 868 1243 n⁰
895 1181 944 1244 71.
984 1179 1023 1242 In
1047 1178 1099 1242 his
1123 1201 1190 1243 non
1214 1190 1409 1244 numeratur
1432 1179 1507 1243 card.

395 1279 593 1360 Madrutius,
746 1299 855 1362 neque
884 1279 983 1341 etiam
1008 1276 1207 1361 Buduensis‚
1245 1299 1354 1363 neque
1387 1277 1509 1341 abbates
1553 1301 1554 1312 ¹

397 1377 621 1458 Ceramenses,
647 1398 723 1439 eum
736 1378 802 1439 sint
825 1385 890 1438 tres
906 1384 939 1438 et
953 1375 1085 1438 diverse
1101 1375 1399 1461 responderint.“²)
1421 1375 1509 1438 Vides

396 1475 495 1561 plane
519 1475 604 1538 falsa
640 1496 711 1537 esse
746 1495 831 1560 quae
855 1472 897 1537 ab
929 1481 1064 1536 auctore
1097 1472 1151 1536 illo
1188 1473 1418 1557 proferuntur3
1456 1494 1507 1535 noo

397 1574 486 1636 enim
509 1583 575 1636 tres
599 1582 708 1656 partes
721 1595 764 1635 ex
776 1582 918 1658 quatuor
942 1580 1036 1635 erant
1052 1592 1111 1656 pro
1128 1573 1292 1635 sententia
1309 1571 1507 1637 affirmativa.

397 1671 455 1735 sed
480 1671 585 1756 major
608 1693 685 1755 pars
710 1679 780 1733 eret
804 1679 918 1734 eontra
943 1668 1180 1734 definitionem.

486 1769 539 1834 37.
573 1768 701 1832 Dicunt
725 1790 832 1853 porro,
856 1769 954 1832 Pium
966 1767 1016 1830 IV
1040 1768 1291 1852 praescripsisse
1316 1777 1352 1830 ut
1377 1766 1505 1851 regulam

392 1867 585 1952 juridicam,
611 1866 654 1930 ad
671 1866 900 1930 definitionem
924 1867 1048 1951 requiri
1073 1866 1330 1929 unanimitatem
1356 1865 1507 1948 suffragio·

397 1985 481 2031 rum.
529 1964 603 2027 Hoc
627 1965 749 2048 pariter
782 1965 917 2028 omnino
941 1963 1062 2028 falsum
1087 1972 1144 2028 est.
1192 1963 1339 2026 Tantum
1364 1985 1424 2048 pro
1446 1983 1507 2026 casu
1555 2027 1556 2030 ,

397 2061 507 2147 aliquo
532 2061 725 2146 particulari
749 2061 829 2125 Pius
861 2061 894 2124 in
928 2070 1016 2123 certa
1046 2062 1184 2124 materia
1209 2063 1374 2124 concessit
1397 2083 1435 2124 ea
1456 2082 1507 2124 non

398 2159 540 2240 definiri,
573 2158 754 2245 inquibus
779 2161 897 2223 Patres
921 2181 987 2223 non
1012 2158 1261 2241 concordarent,
1294 2169 1330 2222 ut
1354 2159 1506 2223 turbarum

398 2258 528 2321 occasio
553 2256 747 2322 auferretur.
794 2256 1019 2320 Vehementer
1043 2256 1200 2321 videlicet
1229 2257 1459 2342 disputabatur
1477 2256 1508 2318 de
1556 2337 1557 2350 ἦ

286 2349 287 2354 ’
398 2364 559 2440 potestate
595 2378 634 2418 ac
682 2355 723 2418 de
747 2354 928 2418 residentia
952 2356 1194 2440 episcoporum,
1234 2377 1376 2438 necnon,
1416 2365 1507 2420 utrum
1556 2369 1557 2374 ’

398 2454 490 2538 Papa
528 2452 690 2517 dicendus
729 2461 813 2517 esset
852 2453 1005 2538 Pontifeor
1043 2453 1203 2516 Ecclesiae
1237 2453 1439 2518 uniuersalis.
1479 2451 1508 2516 ld

399 2552 516 2614 merito
554 2573 633 2614 sane
672 2550 830 2614 volebant
853 2550 929 2614 Itali
954 2572 1029 2614 cum
1054 2551 1224 2635 Hispanis,
1264 2552 1322 2615 sed
1347 2551 1509 2616 obsistebat

399 2648 589 2743 Cardinalis
620 2647 846 2732 Letharingus
879 2670 955 2711 cum
985 2647 1103 2712 Gallis.
1150 2648 1200 2712 Ne
1233 2649 1401 2714 discordia
1431 2649 1508 2712 deiri·
1557 2683 1558 2686 =

314 2797 316 2803 .
399 2755 512 2810 menta
535 2748 682 2827 afferret,
706 2746 811 2809 Roma
835 2747 1032 2830 rescriptum
1056 2746 1136 2808 fuit:
1162 2744 1251 2809 Satio
1271 2745 1424 2832 futuram.
1445 2749 1507 2810 Poo-

399 2844 486 2928 tiflct‘,
511 2845 539 2907 si
561 2867 618 2908 aec
641 2845 680 2907 dc
703 2866 772 2923 oua,
796 2867 853 2906 aec
877 2843 915 2906 de
940 2845 1157 2929 episcoporum
1174 2855 1334 2930 potestate
1358 2847 1507 2932 quidquem

399 2943 638 3028 caprimerctor,
662 2939 731 3005 illie
748 2951 869 3005 tontum
893 2941 988 3004 oditis
1004 2940 1248 3024 dcflm'tc'ooiboo,
1273 2944 1308 3005 in
1325 2965 1405 3028 ques
1418 2944 1507 3006 Patres

398 3041 545 3102 conanimi
568 3061 720 3102 consenso
743 3040 1010 3125 coaspirar·oot.³)
1058 3036 1123 3103 Sed
1148 3038 1310 3123 agebatur
1333 3052 1458 3104 tantum
1478 3037 1507 3100 de

399 3136 462 3199 hoc
487 3159 566 3200 casu
591 3137 804 3222 particulari3
830 3138 950 3200 etenim
972 3137 1044 3221 jam
1059 3137 1215 3216 vidimus,
1240 3147 1311 3202 tum
1337 3147 1506 3203 auleatum

399 3236 499 3298 etiam
524 3245 638 3320 postea
663 3235 873 3299 definitiones
897 3234 1003 3298 editas
1021 3257 1101 3315 esse,
1127 3237 1281 3320 quamvis
1298 3258 1376 3320 pars
1392 3237 1503 3299 Patruro

399 3333 557 3416 suffragio
583 3354 641 3396 suo
659 3333 858 3397 dissentiret.
878 3371 919 3379 —
936 3331 1002 3396 Sed
1019 3332 1061 3396 ad
1081 3355 1192 3396 rerum
1216 3344 1385 3417 gestarum
1409 3334 1504 3398 serien

398 3429 585 3496 redeamus.

474 3668 495 3740 ²)
517 3670 556 3722 De
575 3667 744 3722 l'unanimite
764 3675 815 3722 ete.
835 3685 860 3735 p.
883 3667 924 3724 18.

473 3748 494 3818 ²)
513 3749 638 3814 Theium,
664 3750 735 3801 Acta
753 3749 775 3802 Ι.
796 3749 855 3801 711.
893 3747 948 3802 Olr.
969 3748 1098 3805 Pallavic.
1118 3749 1149 3804 L.
1169 3749 1243 3802 xvi.
1264 3748 1292 3802 C.
1312 3748 1361 3802 IV.
1385 3764 1410 3802 n.
1428 3748 1463 3799 20.
1478 3770 1501 3780 -

400 3829 606 3883 Advertendum
625 3836 678 3895 est,
705 3845 738 3884 ex
757 3828 897 3898 suffragiis
916 3829 1056 3898 negativis
1076 3829 1195 3898 triginta
1214 3836 1332 3896 quotuor
1350 3829 1415 3883 talia
1431 3825 1502 3879 fuisse.

399 3915 432 3962 ut
451 3911 539 3964 media
558 3909 662 3964 censeri
681 3909 816 3964 deberent.
854 3909 948 3968 Tener.
970 3925 1062 3963 eorum
1081 3910 1209 3964 videlicet
1235 3915 1296 3964 erat
1314 3910 1373 3964 vel:
1402 3907 1503 3973 „Placere

400 3988 452 4044 sibi
471 3990 616 4044 articulum
635 3989 749 4054 definiri,
770 3989 893 4056 quaesito
912 3990 987 4056 prius
1006 3989 1146 4044 Pontifieis
1165 3999 1279 4053 sensn“;
1307 3990 1364 4044 vel:
1385 3985 1447 4053 „Sibi
1463 3995 1501 4034 roo

399 4071 508 4136 placere
526 4069 601 4123 illum
621 4069 738 4133 definiti,
756 4085 810 4123 non
828 4069 917 4137 petito
936 4071 1012 4137 prius
1031 4069 1173 4128 Pontificio
1192 4076 1300 4126 sensu.“
1325 4070 1393 4124 Hinc
1410 4066 1439 4120 ad
1450 4062 1501 4116 Poo-

400 4149 501 4203 tificem
521 4150 631 4203 interim
651 4165 667 4202 a
686 4150 786 4218 legatis
804 4165 848 4203 res
866 4151 954 4203 relata
973 4156 1023 4203 cst.

476 4227 499 4298 8)
520 4228 648 4283 Pellevic.
668 4229 698 4286 L.
718 4230 793 4284 XIX.
814 4230 841 4282 C.
862 4230 921 4283 XV.
940 4247 966 4286 n.
986 4231 1010 4284 3.
