2964 4912
311 484 363 538 382
498 479 585 534 XLII.
623 481 663 535 De
681 486 758 535 statu
776 483 913 538 Ecclesiae
931 499 1000 542 saec.
1020 485 1122 540 decimo
1141 493 1246 545 octavo.

147 626 289 728 Τθξξὲἶῗξθ
312 650 346 691 se
379 626 632 707 subtraxerunt,
669 625 727 689 sed
762 648 884 710 magna
917 650 993 692 cum
1017 615 1241 694 sollicitudine
1273 655 1313 698 ac
1344 632 1424 696 felici

311 747 463 790 successu
488 725 645 788 unionem
669 732 703 786 et
726 725 936 788 concordiam
966 738 1186 812 procurarunt
1209 731 1297 792 inter
1320 728 1425 794 Gallos

310 834 342 888 et
380 821 707 906 Austro-Hispanos.
760 821 967 886 Restauratio
1007 824 1171 889 catholica
1210 847 1248 890 eo
1287 836 1425 912 tempore

308 923 442 987 favente
466 923 530 984 ista
554 919 733 983 concordia
757 921 856 983 etiam
881 922 916 984 in
937 918 1118 986 Germania
1142 944 1335 1008 progressus
1357 924 1428 987 fecit

308 1017 544 1104 amplissimos,
583 1026 615 1080 et
637 1016 872 1081 Fordinandus
895 1017 930 1082 II
962 1019 1148 1104 Imperator
1180 1020 1223 1086 ad
1257 1043 1331 1084 cam
1364 1044 1427 1106 per-

309 1119 401 1181 venit
432 1124 644 1202 potestatem,
680 1123 716 1178 ut
749 1116 784 1178 in
808 1124 876 1178 tota
901 1113 1082 1180 Germania
1114 1127 1185 1181 tum
1218 1121 1349 1204 antiqui
1372 1121 1428 1182 Im·

308 1217 391 1302 perii
427 1215 633 1300 majestatem
669 1221 742 1298 post
778 1211 935 1278 Carolum
968 1215 999 1277 V
1035 1215 1175 1280 multum
1210 1219 1428 1296 imminutam,

307 1324 379 1377 tum
402 1335 472 1376 rem
497 1310 694 1375 catholicam
717 1321 904 1375 restaurare
941 1314 1109 1396 cogitaret.
1157 1314 1346 1398 Fastigium
1371 1314 1429 1398 glo·

306 1413 376 1475 riae
401 1420 433 1474 et
454 1411 621 1495 potentiae
644 1410 799 1492 attigerat
813 1431 900 1473 anno
920 1410 1016 1491 1629,
1041 1411 1174 1496 quando
1198 1411 1253 1476 die
1268 1413 1308 1476 6⁰
1324 1413 1430 1475 Martii

267 1519 268 1523 ’
313 1509 455 1572 Edictum
477 1508 688 1571 restitutionis
702 1508 935 1592 promulgavit,
960 1519 997 1572 ut
1011 1508 1169 1574 videlicet
1183 1512 1431 1575 restituerentur

254 1611 258 1619 '
307 1608 420 1670 omnia
444 1605 532 1670 bona
563 1613 595 1668 et
618 1607 783 1669 territoria
806 1605 977 1670 Ecclesiae
1009 1629 1051 1670 ex
1076 1618 1222 1694 tempore
1246 1611 1342 1694 pacis
1365 1609 1431 1672 rcli·
1480 1637 1481 1650 ¹

306 1707 417 1788 gionis
440 1705 668 1768 Passaviensis
693 1702 806 1787 (1552)
835 1712 957 1794 crepta.
1005 1703 1070 1769 Sed
1094 1706 1325 1771 infelicissima
1348 1707 1432 1771 lucta

307 1825 345 1866 eo
370 1813 518 1888 tempore
550 1803 669 1864 iterum
702 1803 788 1864 inter
811 1799 955 1865 Galliam
980 1812 1012 1866 et
1035 1802 1206 1867 Austriam
1235 1815 1354 1868 exorta
1378 1817 1431 1868 est.

307 1899 414 1965 Gallis
448 1898 605 1963 videlicet
637 1900 700 1962 ista
724 1898 908 1983 amplitudo
943 1902 1111 1984 potentiae
1135 1901 1334 1965 Austriacae
1366 1912 1431 1965 tum

308 2001 343 2062 in
368 1998 548 2063 Germania
580 2005 651 2060 tum
685 1998 721 2059 in
743 1995 909 2081 Hispania
942 1999 1052 2061 invisa
1085 1998 1164 2079 fuit,
1201 2007 1303 2083 atquc
1337 2002 1430 2062 etiam
1480 1993 1481 2012 ³

306 2097 408 2162 Italos
432 2095 547 2159 cadem
569 2094 610 2158 de
627 2116 686 2157 sua
702 2094 962 2179 independentia
984 2095 1140 2159 sollicitos
1154 2095 1313 2162 reddidit.
1355 2096 1431 2160 Con·

308 2195 417 2258 flictus
441 2194 520 2258 novi
545 2193 674 2256 occasio
703 2191 767 2255 fuit
790 2213 877 2256 mors
903 2193 998 2257 ducis
1021 2191 1213 2276 Mantuani,
1247 2196 1305 2279 qui
1334 2217 1431 2280 quum

306 2295 378 2357 sine
402 2289 493 2377 prole
517 2290 725 2372 decessisset,
760 2311 983 2354 successorem
1009 2313 1050 2353 ex
1070 2291 1146 2376 jure
1169 2289 1290 2356 habuit
1315 2293 1431 2357 ducem

306 2390 619 2470 Nevers-Gonzaga
655 2408 696 2449 cx
720 2386 848 2450 familia
871 2390 962 2471 regia
987 2386 1126 2454 Galliac.
1175 2389 1344 2469 Quamvis
1378 2413 1431 2454 nec

307 2488 491 2573 Imperator
515 2507 576 2549 nec
599 2507 659 2548 rex
684 2484 866 2549 catholicus
890 2486 1068 2551 videantur
1095 2487 1165 2571 ejus
1190 2491 1432 2553 successionem

224 2595 226 2601 ‘
308 2585 452 2650 voluisse
476 2583 645 2665 inhibere,
670 2592 783 2647 tamen
807 2606 909 2668 quum
933 2586 1088 2670 princeps
1112 2584 1304 2649 diffidentia
1330 2598 1432 2650 motus

308 2706 368 2747 sua
391 2682 512 2766 agendi
541 2682 668 2745 ratione
696 2681 775 2765 jura
799 2684 1021 2766 suprematiac
1044 2683 1258 2767 Imperatoris
1290 2682 1432 2749 laederet

307 2790 341 2845 et
364 2782 532 2866 Hispanos
565 2778 763 2857 offenderet,
798 2777 888 2842 lucta
912 2782 1052 2862 exarsit,
1089 2782 1143 2844 cui
1177 2804 1256 2845 mox
1282 2780 1375 2847 Galli
1407 2793 1431 2846 et
1479 2799 1480 2862 l

307 2880 408 2957 etiam
433 2877 588 2942 Urbanus
612 2876 698 2940 VIII
721 2877 877 2940 Pontifex
901 2900 935 2941 sc
960 2880 1131 2945 miscuere.

400 2985 428 3050 7.
476 2983 632 3048 Urbanus
655 2982 740 3047 VIII
764 2985 1013 3067 (mae-1644)
1043 2985 1200 3049 videlicet
1224 3008 1261 3049 eo
1287 2996 1429 3073 tempore
1479 2997 1480 3066 l

306 3084 454 3168 apertius
478 3080 648 3148 Gallorum
678 3081 852 3166 amplexus
877 3091 924 3145 cst
948 3092 1073 3167 partes,
1109 3105 1149 3146 ac
1173 3086 1298 3149 minori
1323 3087 1429 3150 favore
1479 3099 1480 3126 ¹

306 3180 445 3244 domum
469 3180 679 3244 Austriacam
710 3189 904 3263 prosecutus
927 3190 985 3244 est.
1033 3181 1189 3245 Timebat
1221 3185 1315 3246 enim
1348 3184 1429 3248 indc-

308 3278 507 3362 pendentiae
530 3276 647 3341 Italiae
679 3286 778 3363 atquc
809 3276 904 3341 Sedis
934 3278 1119 3361 Romanae,
1157 3301 1194 3343 co
1229 3279 1286 3344 vel
1320 3283 1429 3365 magis,

307 3376 397 3462 quod
430 3399 473 3440 cx
505 3374 616 3439 indole
645 3396 704 3438 sua
737 3374 780 3438 ad
813 3397 864 3438 res
888 3375 1040 3460 publicas
1072 3397 1249 3460 regnorum
1286 3381 1428 3444 animum

306 3477 447 3541 multum
473 3474 682 3556 intendebat3
708 3471 806 3538 simul
830 3497 908 3538 vero
923 3466 1027 3539 Gallis
1051 3477 1178 3540 amicus
1203 3485 1285 3541 erat.
1334 3477 1376 3541 In
1398 3499 1429 3540 eo

306 3596 408 3659 regno
425 3570 551 3638 scilicet
565 3581 602 3636 ut
612 3572 783 3636 Pontificis
800 3574 951 3636 minister
966 3572 1090 3637 diutius
1103 3583 1254 3637 versatus
1268 3583 1303 3637 et
1315 3596 1429 3659 magno

307 3673 343 3736 in
366 3672 491 3736 honore
514 3670 648 3734 habitus
672 3680 757 3752 erat,
782 3692 822 3734 ac
846 3669 1040 3734 Ludovicus
1064 3670 1150 3734 XIII
1175 3670 1353 3736 Gallorum
1376 3695 1429 3737 rex

305 3780 340 3834 ct
370 3773 486 3856 regina
510 3768 610 3833 Anna
634 3767 811 3832 Austriaca
843 3770 965 3853 pietate
999 3777 1093 3832 erant
1124 3770 1284 3852 insignes.
1310 3807 1355 3816 —
1382 3771 1427 3833 Ex

307 3868 472 3954 adjutorio
502 3889 598 3953 porro
623 3890 642 3930 a
666 3866 772 3931 Gallis
795 3868 951 3952 praestito
984 3866 1185 3931 adversariis
1214 3867 1425 3932 Fordinandi.
1478 3913 1479 3922 2

305 3968 408 4029 etiam
424 3965 697 4046 Protcstantibus‚
723 3964 928 4028 calamitates
945 3986 1012 4028 non
1027 3964 1179 4028 modicae
1196 3963 1424 4029 Catholicismo
1478 3957 1479 3982 ³

307 4067 343 4127 in
367 4062 547 4127 Germania
571 4073 686 4126 exorta
710 4073 795 4128 sunt.
828 4100 871 4109 -
905 4061 1018 4141 Quum
1041 4064 1143 4147 igitur
1166 4063 1325 4128 Urbanus
1348 4060 1424 4124 VIII

197 4220 199 4228 .
308 4162 428 4226 minori
461 4161 574 4225 favore
597 4160 848 4225 Ferdinandum
872 4160 907 4224 II
931 4162 1084 4245 prosequi
1109 4160 1300 4239 videretur,
1335 4158 1421 4221 vehe-

307 4261 485 4326 mentiores
516 4257 766 4324 reclamationes
805 4281 847 4321 cx
879 4267 972 4344 parte
1007 4257 1185 4323 Oratorum
1218 4255 1418 4343 Imperatoris
