3288 4900
399 443 434 496 92
720 440 875 495 XXXVIII.
896 441 936 494 De
955 437 1075 494 (lencilio
1093 439 1262 494 Tridentino.

400 607 459 671 pro
486 586 650 649 sententia
675 586 729 648 cui
753 584 902 648 Pacecus
926 583 1071 648 favebat.
1118 583 1220 647 Lecto
1245 584 1348 667 igitur
1371 584 1407 647 in
1430 605 1515 667 gene-

400 682 460 746 rali
481 679 746 766 Congregetione
771 682 825 746 die
850 682 998 746 8⁰Junii
1014 681 1146 746 decreto
1170 681 1214 744 de
1237 680 1393 764 originali
1416 681 1515 766 culpa,

401 789 498 864 prout
522 779 687 863 digestum
711 779 821 843 fuerat
844 779 879 842 in
903 779 1044 864 privatis
1076 777 1236 860 coetibus,
1270 779 1419 843 Pacecus
1439 778 1515 842 arbi·

400 888 504 942 tratus
533 887 645 940 tantae
668 879 716 940 rei
741 877 942 940 decisionem
975 876 1089 940 brevis
1108 877 1269 960 temporis
1291 878 1457 961 sngrrstiis
1477 899 1513 938 re-

401 976 517 1059 stringi
541 997 608 1046 uon
632 995 738 1059 posse,
762 974 867 1058 petiit,
894 983 930 1036 ut
953 973 1134 1037 universali
1158 975 1324 1058 positioni,
1348 997 1418 1060 qua
1442 995 1513 1037 com·

401 1074 511 1136 munis
542 1073 670 1136 cunctis
701 1071 894 1136 hominibus
925 1070 1117 1156 hujusmodi
1155 1091 1245 1134 noxa
1284 1070 1513 1151 declarabatur,

400 1171 483 1234 haec
507 1170 610 1235 verba
634 1170 874 1255 adjicerentur:
903 1169 979 1252 „De
1001 1169 1042 1233 B.
1068 1169 1206 1253 Virgine
1228 1169 1514 1254 sanctasynodus
1560 1223 1561 1250 ,

400 1268 484 1334 nihil
507 1268 646 1333 delinire
662 1268 822 1348 intendit;
848 1269 1001 1353 quamvis
1017 1268 1070 1352 pie
1088 1266 1252 1346 credatur,
1277 1269 1386 1351 ipsam
1402 1267 1514 1351 absque

399 1377 536 1452 peccato
564 1364 722 1450 originali
744 1373 944 1450 conceptam
967 1363 1103 1428 fu·isse.“
1150 1365 1191 1427 In
1214 1362 1304 1428 illius
1327 1367 1515 1430 sententian

400 1463 594 1549 plerumque
619 1464 713 1527 itum.
753 1463 799 1526 At
822 1464 970 1547 episcopi
995 1462 1132 1548 quidam
1157 1461 1282 1546 aliique
1306 1463 1363 1547 qui
1388 1462 1515 1526 aderam

400 1561 550 1626 doctores
574 1563 694 1624 aeriter
717 1562 941 1641 intercessere,
970 1581 1053 1645 quos
1076 1558 1229 1624 nonnulli
1253 1562 1368 1626 secuti.
1418 1559 1514 1642 Oppo-
1561 1599 1562 1630 2

400 1659 526 1723 nebant
549 1658 607 1740 illi,
632 1658 690 1723 ubi
706 1657 811 1722 altera
835 1659 947 1743 opinio
972 1659 1028 1742 pia
1046 1655 1280 1739 declararetur,
1305 1656 1445 1721 alteram
1468 1659 1513 1719 irn-

400 1757 490 1841 piam
515 1756 718 1821 declaratum
742 1759 794 1839 iri,
826 1757 913 1842 quod
940 1756 1078 1842 perinde
1102 1755 1196 1836 foret,
1228 1753 1283 1818 ac
1300 1758 1401 1820 tacite
1431 1777 1510 1840 quae

400 1855 541 1918 stiouem
564 1855 686 1920 decidi.
732 1855 863 1918 Idcirco
889 1876 1023 1918 suasum
1047 1854 1119 1934 fuit,
1144 1863 1181 1916 ut
1204 1875 1244 1916 ea
1267 1853 1372 1918 verba
1396 1854 1512 1936 excogi-

399 1961 557 2036 tarentur,
583 1975 668 2038 quae
692 1954 800 2016 neutri
824 1954 1021 2037 opinionum
1046 1950 1227 2032 officerent,
1252 1950 1310 2014 sed
1327 1961 1467 2036 utraque
1490 1952 1514 2011 iu

393 2072 437 2113 'eo
463 2061 550 2114 statu
574 2054 773 2136 persisteret,
798 2073 896 2136 quem
921 2061 1001 2114 tunc
1020 2049 1115 2134 apud
1133 2048 1318 2112 Ecclesiam
1343 2046 1513 2112 obtinebat.

236 2153 388 2254 Qffi‘l'ssde
492 2149 546 2215 41.
594 2149 683 2213 Hinc
720 2150 754 2212 in
792 2148 1019 2232 theologorum
1063 2147 1295 2231 congressibus
1334 2145 1514 2232 hujusmodi

230 2242 516 2327 campenatenore
552 2247 721 2312 decretum
753 2247 958 2311 confectum:
1000 2244 1177 2327 „Declarat
1215 2255 1331 2309 sancta
1362 2243 1514 2329 Synodus,

403 2365 469 2408 non
501 2366 570 2409 esse
596 2368 678 2409 suae
709 2346 902 2409 intentionis
933 2344 1213 2429 comprehendere
1237 2345 1271 2406 in
1293 2343 1360 2408 hoc
1385 2344 1514 2420 decretu,
1560 2421 1561 2426 η

403 2442 459 2507 ubi
484 2443 524 2506 de
548 2452 685 2527 peccato
710 2442 864 2528 originali
896 2445 1015 2528 agitur,
1051 2441 1184 2506 beatam
1213 2452 1248 2504 et
1274 2440 1514 2505 ,immaculatam
1563 2479 1564 2514 3

401 2540 572 2624 Virginem
597 2541 749 2621 Mariam,
782 2540 923 2604 Matrem
947 2541 1029 2606 Jesu
1053 2538 1189 2622 Christi,
1221 2540 1259 2602 de
1290 2563 1355 2624 qne
1384 2563 1419 2602 re
1448 2533 1516 2600 nihil

398 2639 619 2723 inpraesenti
641 2639 779 2703 intendit
802 2639 976 2717 decernere,
1007 2638 1066 2702 sed
1096 2636 1323 2702 observandas
1348 2656 1420 2700 esse
1445 2633 1515 2698 Con·

400 2737 587 2799 stitutiones
622 2736 727 2800 felicis
766 2737 1006 2800 recordationis
1024 2736 1115 2802 »sixti
1147 2736 1259 2821 Papae
1282 2734 1343 2800 IV.
1385 2773 1429 2782 -
1464 2732 1514 2794 His
1563 2791 1564 2808 ,

400 2844 510 2896 tamen
541 2855 607 2897 non
630 2835 802 2919 acquievit
824 2835 981 2900 Pacecus.
1029 2833 1239 2898 Causabatur
1266 2832 1331 2914 ille,
1365 2834 1400 2896 in
1433 2841 1513 2894 coetu
1563 2821 1564 2834 ³

400 2931 568 3015 superiore
592 2954 692 3016 supra
716 2931 928 3011 duestertias
945 2941 1054 3016 partes
1072 2934 1107 2994 in
1123 2953 1162 2994 ca
1180 2931 1282 2994 verba
1296 2933 1513 2995 consensisse:

403 3027 505 3102 Quam
517 3031 575 3114 pie
599 3031 740 3093 creditur
766 3029 880 3115 absque
893 3040 1026 3116 peccato
1044 3029 1201 3114 originali
1213 3029 1324 3113 fnisse
1337 3037 1511 3113 conceptam.

402 3127 497 3190 Hauc
521 3129 705 3191 sententiae
727 3130 885 3212 pietatem
910 3129 1025 3212 negari
1055 3148 1123 3191 non
1154 3148 1262 3214 posse,
1295 3127 1432 3212 quando
1460 3145 1510 3189 nou

400 3225 505 3288 solum
524 3227 634 3289 cuncti
651 3225 865 3308 Regularium
884 3224 1037 3305 Ordines,
1062 3246 1129 3289 uno
1145 3236 1294 3310 excepto,
1318 3237 1507 3308 eruensque

400 3323 604 3386 Academiae
625 3322 880 3409 huicopinioni
904 3322 1132 3388 adhaerebant
1155 3343 1217 3388 ceu
1228 3325 1334 3406 magis
1355 3326 1444 3408 ¹piae,
1466 3316 1508 3383 sod

400 3423 472 3506 ipsu
496 3420 647 3485 Ecclesia
680 3421 818 3486 solemni
849 3423 916 3485 ritu
935 3431 1121 3506 conceptae
1144 3421 1293 3504 Virginis
1325 3421 1416 3485 diem
1446 3416 1510 3482 eele-

400 3519 519 3585 braret.
565 3521 685 3602 Legati
711 3530 822 3584 tamen
847 3519 1006 3584 nolebant
1034 3530 1072 3582 ut
1101 3519 1181 3605 quid
1214 3529 1424 3600 statueretur,
1456 3534 1509 3601 quo
1562 3545 1563 3548 ¹

401 3618 530 3682 dissidii
569 3618 674 3681 fomes
713 3618 800 3682 inter
839 3617 1029 3682 Catholicos
1067 3617 1299 3683 inardesceret
1352 3614 1511 3702 Proposuit

401 3725 511 3779 autem
526 3715 742 3796 Asturiensis,
767 3725 805 3778 ut
820 3737 859 3778 ea
873 3715 1038 3800 particule
1049 3715 1229 3796 deleretur,
1251 3737 1321 3800 qua
1332 3714 1509 3779 dicebatur:
1562 3747 1564 3782 i

402 3812 495 3876 Nihil
516 3815 551 3877 in
571 3814 760 3898 praesentia
784 3812 931 3899 Synodne
951 3813 1092 3877 intendit
1115 3814 1288 3877 decernere.
1340 3812 1444 3894 Quod,
1472 3811 1509 3872 in·

401 3912 473 3995 quit
504 3910 741 3991 Pallavicinus,
782 3921 943 3995 quantum
980 3911 1131 3991 arbitror,
1172 3933 1209 3974 eo
1241 3912 1446 3997 respiciebat,
1481 3913 1509 3967 ut

401 4007 515 4071 saltem
541 4008 774 4091 declararetur,
806 4011 842 4073 in
867 4009 1048 4073 universali
1073 4011 1296 4074 affirmatione
1321 4005 1473 4074 contracti
1494 4025 1508 4063 a

401 4109 529 4171 cunctis
563 4106 754 4172 hominibus
785 4107 956 4193 originalis
987 4109 1116 4193 peccati
1143 4107 1240 4172 haud
1271 4106 1448 4173 necessario
1475 4101 1506 4163 B.

400 4206 573 4290 Virginem
607 4206 853 4291 comprehendi,
892 4206 1041 4292 adeoque
1072 4229 1132 4291 per
1163 4205 1341 4270 deductam
1372 4203 1443 4269 inde
1470 4198 1507 4262 ab
