3034 4894
396 451 437 505 De
455 449 653 518 propagatione
672 423 902 506 Protestcntismi.
1176 453 1213 506 45

86 599 226 661 sisteret.
274 595 366 659 Misit
377 593 531 658 Pontifex
554 616 585 658 a.
604 593 689 657 1528
715 610 827 656 mense
845 593 983 658 Octobri
1000 592 1210 661 Cardinalem

87 693 307 779 Campegium
332 694 366 757 in
391 691 559 784 Angliam,
595 700 630 755 ut
652 690 752 754 simul
776 712 852 753 cum
878 689 1047 757 Cardinali
1072 695 1211 760 Wolseo

86 793 127 857 de
152 815 187 856 re
212 814 354 856 examen
383 792 571 854 institueret
595 799 626 853 et
650 790 848 853 sententiam
878 789 986 856 ferret.
1034 792 1110 856 Bini
1136 790 1384 895 Car-Cffizfflb

86 890 216 955 dinales
241 891 365 975 pariter
387 889 557 971 negotium
590 896 833 971 protraxerunt,
866 909 906 951 ac
939 896 1068 953 tantum
1099 911 1212 954 mense

84 989 105 1054 J
108 989 190 1052 unio
203 1011 233 1052 a.
246 987 332 1051 1529
357 986 439 1049 duas
464 986 625 1048 sessiones
649 983 806 1067 habuere,
831 987 864 1048 in
878 1007 1019 1070 quarum
1035 987 1139 1053 altera
1152 988 1212 1054 Ca-

83 1086 220 1150 tharina
243 1086 359 1168 regina
382 1083 425 1147 ad
450 1082 645 1147 Pontificem
670 1082 862 1167 appellavit.
911 1083 985 1164 Quo
1009 1086 1107 1168 facto,
1138 1085 1212 1152 Car-

83 1182 216 1248 dinales
240 1183 410 1267 negotium
433 1180 656 1250 illud,sistere
680 1182 790 1244 conati
814 1191 900 1262 sunt,
929 1204 989 1246 rex
1012 1205 1090 1248 vero
1114 1195 1213 1271 atque

82 1283 204 1367 regina
232 1281 371 1345 Romam
404 1281 495 1343 citati
527 1279 629 1344 fuere.
684 1276 750 1342 Sed
781 1279 947 1344 Henricus
982 1282 1031 1345 ira
1068 1286 1214 1368 percitus

83 1380 309 1464 Compegium
340 1377 440 1462 jussit
475 1399 517 1440 ex
543 1375 667 1459 Anglia
690 1376 856 1459 recedere,
889 1377 1101 1444 Oardinalem
1136 1403 1212 1446 vero

83 1477 266 1542 Wolseum
290 1476 412 1561 dejecit
435 1498 477 1538 ex
501 1475 664 1558 dignitate
689 1471 897 1556 (lancellarii,
931 1476 1027 1541 bouis
1050 1500 1125 1542 eum
1150 1481 1214 1564 pri·

84 1577 195 1658 vavit,
216 1576 355 1661 jamque
379 1575 414 1637 in
431 1593 469 1637 eo
494 1583 564 1636 erat
587 1584 625 1635 ut
647 1571 755 1636 laesae
773 1574 954 1659 majestatis
968 1578 1214 1641 accusationem

84 1676 120 1738 in
154 1695 232 1738 eum
256 1673 366 1750 ferret,
395 1670 529 1757 quando
554 1669 799 1735 calamitatibus
829 1673 900 1735 istis
925 1672 1082 1737 Wolseus
1110 1685 1214 1739 morte

84 1780 286 1857 praereptus
311 1780 360 1834 est
382 1791 411 1834 5.
439 1768 536 1834 1530.

175 1871 230 1932 47.
263 1869 313 1932 Eo
338 1877 486 1952 tempore
512 1866 658 1930 Thomas
672 1863 857 1950 Cromwell,
883 1867 1011 1933 aulicus
1036 1873 1091 1956 qui
1116 1883 1214 1936 antea

82 1968 197 2031 fuerat
220 1967 417 2030 secretarius
441 1963 629 2028 Cardinalis
653 1964 795 2048 Wolsei,
828 1967 898 2048 regi
923 1969 1035 2050 suasit,
1067 1980 1103 2033 ut
1126 1973 1213 2055 prin·

84 2068 178 2151 cipes
203 2086 345 2150 sequens
360 2061 572 2144 Germaniae,
597 2061 640 2126 ab
657 2062 847 2128 obedientia
861 2064 1033 2130 Pontificis
1048 2067 1214 2148 deficeret,

85 2162 220 2246 sibique
245 2163 483 2246 suprematiam
507 2162 543 2224 in
567 2159 742 2224 ecclesiam
764 2161 987 2245 Anglieanam
1016 2165 1212 2230 vindicaret.

84 2261 236 2326 Thomas
252 2258 413 2324 Cramner
435 2281 515 2322 vero
539 2258 726 2342 theologiae
749 2261 913 2344 professor
936 2263 971 2324 in
989 2262 1214 2327 Universitete

86 2357 370 2443 Cantabrigiensi,
412 2357 511 2420 homo
551 2356 680 2421 vilioris
715 2357 926 2444 characteris,
969 2383 1102 2424 causam
1127 2364 1213 2447 regis

87 2458 237 2541 suscepit
259 2458 295 2519 in
318 2477 353 2520 re
376 2455 589 2537 matrimonii,
615 2463 648 2518 et
667 2454 777 2519 libello
795 2460 981 2543 conscripto
1007 2480 1080 2522 eam
1105 2459 1214 2523 defeu-

88 2555 144 2636 dit,
170 2556 310 2639 ipseque
334 2575 410 2616 eum
435 2561 528 2636 patre
543 2551 663 2615 Annae
678 2551 824 2616 Bolenae
841 2554 979 2619 Romam
1005 2559 1124 2621 missus
1148 2569 1213 2639 est3

88 2655 144 2718 sed
169 2652 256 2716 nihil
280 2652 322 2716 ab
348 2651 388 2715 iis
412 2651 594 2716 obtentum.
635 2651 835 2716 Α111151531
862 2676 921 2716 rex
946 2655 1066 2736 effecit,
1092 2665 1128 2718 ut
1143 2657 1214 2741 ipse

89 2759 250 2822 asenatu
275 2749 497 2814 declararetur
522 2759 622 2834 eaput
645 2749 805 2814 ecclesiae
829 2752 1051 2836 Anglicanae,
1083 2754 1212 2840 adjecta

91 2861 200 2914 tamen
237 2848 386 2913 clausula
419 2850 605 2934 inquantum
638 2849 690 2914 lea
724 2849 836 2914 diuina
871 2851 907 2913 id
923 2853 1111 2937 permittat,
1149 2876 1215 2937 qua

95 2947 239 3012 clausula
262 2946 348 3011 laxis
373 2948 585 3011 conscientiis
610 2948 815 3011 satisfactum
833 2958 890 3013 est.
921 2949 1035 3014 Mense
1052 2952 1213 3016 Januario

92 3045 403 3110 51533Η511115115
427 3067 530 3131 quum
547 3055 786 3130 praegnantem
810 3046 901 3131 prole
916 3070 958 3111 ex
974 3050 1044 3133 ipso
1062 3060 1214 3136 suscepta

89 3146 227 3208 resciret
249 3143 410 3207 Bolenam
434 3142 596 3227 pellicem,
633 3141 719 3206 clam
743 3143 852 3207 eidem
871 3146 1009 3229 junctus
1033 3157 1082 3211 est
1106 3151 1214 3213 matri·

89 3244 201 3306 monio
240 3240 405 3305 celebrato
441 3262 499 3325 per
534 3239 736 3304 sacellanum
772 3241 918 3306 aulicum
945 3243 1023 3326 Lee,
1064 3249 1118 3309 cui
1155 3270 1215 3310 rex

88 3340 232 3404 asseruit
255 3339 536 3423 dispensationem
561 3338 730 3401 obtentam
755 3361 835 3404 esse.
876 3340 982 3406 Simul
1006 3365 1085 3406 vero
1110 3345 1214 3408 archi-

88 3440 319 3523 episcopatum
344 3435 618 3501 Cantuariensem
643 3435 782 3500 eontulit
805 3460 865 3501 rex
881 3439 1030 3503 Thomae
1055 3438 1216 3505 Cramner

88 3537 233 3621 pessimo
262 3536 344 3619 viro,
384 3557 482 3620 quem
517 3543 629 3598 tamen
654 3533 807 3599 Clemens
831 3535 906 3614 VH,
938 3538 1021 3600 vitia
1053 3538 1124 3622 ejus
1147 3559 1214 3602 uon

89 3635 169 3698 satis
193 3654 408 3716 cognoscens,
433 3655 474 3696 ne
490 3654 602 3716 regem
626 3632 858 3698 vehementius
882 3636 1033 3712 irritaret,
1059 3637 1093 3699 in
1110 3635 1214 3718 digni-

88 3741 156 3796 tate
181 3730 403 3796 confirmavit.
437 3730 597 3795 Oramner
621 3753 699 3796 mox
722 3734 826 3817 impia
842 3732 1021 3817 hypocrisi,
1047 3755 1111 3818 quo
1129 3737 1215 3818 regis

89 3830 315 3894 eonscientiae
348 3829 546 3912 provideret,
582 3829 772 3913 postulavit,
809 3840 845 3894 ut
877 3853 1019 3894 examen
1042 3833 1214 3897 instituere

89 3927 206 3992 liceret
237 3926 277 3990 de
306 3927 445 3990 Henrici
479 3949 554 3990 cum
581 3925 760 3990 Catharina
795 3929 1022 4010 matrimoni03
1062 3952 1101 3993 ac
1137 3931 1214 3994 dein

92 4025 173 4088 illud
214 4046 284 4088 esse
322 4023 460 4105 nullum,
500 4024 588 4108 quod
623 4045 701 4086 vero
739 4047 815 4088 cum
846 4024 946 4090 Anna
969 4025 1094 4090 Bolena
1130 4027 1214 4091 clam

93 4123 213 4186 inierat
236 4121 396 4203 validum,
422 4123 660 4207 pronuntiavit.
698 4122 791 4186 Haec
817 4123 871 4187 die
897 4126 932 4187 1⁸
954 4124 1048 4189 Junii
1072 4149 1102 4189 a.
1129 4125 1214 4190 1533
1305 4114 1312 4130 ’

94 4219 285 4284 solemniter
317 4221 351 4283 in
382 4222 533 4305 reginam
563 4229 720 4284 coronata
749 4230 807 4285 est.
863 4220 1050 4306 Sperabant
1079 4224 1214 4308 quidem
