3034 4894
146 593 258 698 Suscqua

238 433 240 436 ⁵
295 450 331 504 40
421 448 562 502 XXXVII.
582 449 623 502 De
640 446 730 502 initiis
748 463 781 502 ac
798 448 833 502 de
849 463 963 517 propag.
980 421 1292 517 pseudoreformatiouis.

384 593 438 656 41.
469 592 509 656 In
525 592 678 657 Sueciam
702 591 894 676 religionem
919 614 1040 656 novam
1065 594 1210 678 primum
1235 593 1420 657 intulerunt
1503 603 1504 612 ’

226 606 361 755 ahcduo
394 692 512 754 fratres
536 690 644 773 Sueci,
679 690 839 754 Nicolaus
869 699 901 754 et
925 691 1125 755 Laurentius
1150 690 1249 772 Petri,
1290 693 1347 777 qui
1380 693 1415 755 in
1503 703 1504 766 j

294 790 511 854 universitate
527 788 827 872 Wittembergensi
852 787 991 853 Lutheri
1015 787 1137 873 placita
1161 810 1281 873 magno
1306 789 1417 852 studio

293 887 490 970 didicerant,
514 899 547 950 et
570 909 599 952 a.
620 887 735 950 1519·
727 909 762 950 m
778 888 920 970 patriam
944 887 1069 950 reversi
1092 907 1222 950 summo
1245 887 1363 951 ardore
1377 910 1419 951 ea
1503 923 1504 930 ι

292 992 527 1070 propagarunt.
558 982 728 1049 Gustavus
743 985 851 1048 Wasa
875 1008 904 1049 a.
926 985 1011 1049 1523
1035 1007 1095 1049 rex
1118 983 1258 1050 Sueciae
1281 985 1417 1067 electus,

292 1083 474 1148 lutheranis
505 1082 710 1147 novitatibus
736 1083 808 1168 jam
839 1083 986 1147 imbutus
1016 1083 1177 1170 bonisque
1200 1082 1416 1146 ecclesiarum

292 1193 325 1246 et
359 1181 441 1245 cleri
463 1180 618 1263 inhians,
658 1202 868 1266 quocumque
902 1181 999 1245 modo
1032 1181 1194 1246 haeresim
1230 1202 1415 1265 propagare

292 1279 428 1358 studuit,
452 1301 492 1342 ac
516 1277 579 1342 sibi
603 1280 756 1345 resistent
757 1300 792 1342 es
816 1280 917 1343 variis
940 1278 1048 1343 modis
1072 1280 1219 1342 vexavit.
1198 1279 1308 1342 tA
1328 1279 1413 1343 1527

291 1399 385 1461 regni
376 1376 543 1443 ''Status
535 1399 571 1440 m
596 1387 705 1460 partes
730 1399 807 1440 suas
823 1377 976 1458 adduxit,
1001 1399 1041 1441 ac
1058 1398 1246 1462 supremam
1264 1379 1298 1440 in
1315 1377 1417 1440 rebus

291 1474 526 1539 ecclesiasticis
549 1484 745 1560 potestatem
762 1485 794 1539 et
810 1477 1034 1560 possessiones
1050 1486 1296 1560 proventusque
1312 1474 1418 1538 ecele-

236 1623 245 1644 ,
291 1573 414 1636 siarum
438 1584 471 1637 et
494 1575 770 1638 monasteriorum
794 1574 858 1637 sibi
882 1573 1080 1638 vindicavit.
1108 1574 1161 1638 Ex
1178 1573 1241 1637 hoc
1264 1584 1416 1657 tempore

289 1669 485 1734 lutheranae
507 1671 677 1755 religionis
710 1671 870 1756 professio
895 1673 929 1734 in
953 1669 1073 1736 Suecia
1102 1670 1175 1756 lege
1203 1670 1338 1755 publica
1361 1671 1414 1734 fir·

291 1779 379 1832 mata
403 1779 461 1850 cst,
486 1771 685 1832 monasteria
709 1767 844 1851 abolita,
878 1769 1060 1834 coelibatus
1083 1771 1232 1854 ritusque
1256 1767 1415 1832 catholici

289 1865 449 1949 abrogati,
482 1888 570 1930 nova
592 1866 727 1949 liturgia
750 1869 783 1930 in
808 1867 923 1951 lingua
947 1866 1127 1931 vernacula
1151 1866 1349 1946 introducta,
1382 1877 1416 1930 et

290 1963 423 2028 demum
454 1987 483 2030 a.
511 1964 597 2029 1544
624 1967 660 2028 in
684 1967 825 2029 comitiis
849 1964 1166 2032 Westeresiensibus
1190 1964 1339 2027 omnium
1365 1987 1413 2027 rc·

288 2060 421 2145 ligiouis
456 2061 639 2126 catholicae
673 2063 888 2148 reliquiarum
931 2062 1072 2128 suhlatio
1109 2064 1241 2127 decreta
1274 2071 1332 2128 est.
1369 2099 1411 2110 —

288 2158 396 2224 Simili
420 2161 548 2224 ratione
572 2163 606 2226 in
623 2163 736 2225 Dania
759 2171 793 2224 et
811 2162 987 2246 Norwegia
1001 2161 1140 2226 Lutheri
1164 2159 1311 2224 haeresis
1337 2159 1410 2224 dolo

289 2267 322 2321 et
344 2259 379 2321 vi
403 2258 592 2324 introducta
616 2269 665 2322 est
681 2282 845 2344 perreges
862 2257 1088 2324 Christianum
1103 2260 1145 2339 II,
1170 2258 1407 2322 Fridericuml

288 2367 320 2420 et
344 2356 571 2422 Christianum
595 2358 657 2425 ΙΙΙ,
704 2359 786 2422 Moti
817 2358 953 2423 fuerunt
982 2381 1076 2443 reges
1101 2357 1294 2422 dominandi
1321 2359 1407 2442 cupi-

287 2454 375 2535 dine,
409 2477 511 2540 quum
542 2456 647 2520 fracta
670 2456 841 2521 Ecclesiae
874 2459 1069 2521 auctoritate
1093 2465 1289 2542 potestatem
1315 2477 1407 2519 suam

287 2553 425 2617 dilatare
459 2576 492 2618 se
524 2576 618 2640 posse
646 2556 889 2639 existimarent,
928 2576 1132 2640 magnosque
1163 2553 1336 2616 thesauros
1368 2575 1406 2616 ex

284 2649 383 2715 honis
399 2651 567 2716 Ecclesiae
591 2650 655 2716 sihi
681 2655 876 2739 conquirere
892 2663 1042 2739 possent;
1066 2652 1265 2716 allicuerunt
1281 2649 1406 2714 nobiles

285 2749 483 2834 praedarum
509 2759 602 2836 parte
626 2753 707 2836 ipsis
729 2753 900 2836 promissa,
933 2774 973 2815 ac
996 2752 1073 2815 dein
1106 2759 1234 2836 partem
1259 2747 1339 2811 cleri
1362 2770 1405 2810 re·

285 2848 452 2910 sistentem
478 2858 720 2933 oppresserunt.
769 2848 947 2913 Multitudo
971 2870 1049 2912 vero
1081 2869 1140 2933 per
1163 2847 1406 2932 praedicatores
1505 2875 1506 2890 ι

286 2944 471 3009 haereticos
510 2945 648 3010 subdole
686 2948 797 3030 specie
835 2947 1078 3011 reformationis
1120 2967 1236 3025 verae,
1284 2944 1404 3008 relictis
1505 2971 1506 3004 ι

284 3043 436 3126 plurimis
460 3045 677 3108 caeremoniis
701 3043 883 3126 catholicis,
919 3044 1077 3137 paulatim
1113 3046 1147 3107 in
1179 3063 1324 3106 errorem
1353 3041 1404 3105 ad·

285 3140 469 3302 duelli&
475 3239 520 3303 Ut
556 3238 688 3303 facilius
723 3181 935 3324 intelligatur,
967 3238 1132 3326 quomodo
1167 3238 1299 3303 saeculo
1324 3237 1406 3302 ΧΠ

283 3337 407 3423 instaura
424 3338 597 3422 potcstatis
619 3335 723 3402 ciuilio
747 3340 892 3402 maxime
916 3338 1060 3403 haeresis
1092 3348 1262 3424 tantopere
1295 3360 1329 3401 se
1353 3359 1407 3422 po
1505 3345 1506 3376 r

284 3437 384 3498 tuerit
415 3434 563 3517 dilatare,
598 3436 680 3500 hacc
704 3436 878 3501 advertere
902 3447 1124 3523 opportunum
1150 3447 1208 3501 est.
1255 3436 1344 3498 Ex
1335 3457 1407 3520 ipsa

283 3532 394 3596 indole
418 3534 582 3597 societatis
606 3534 806 3600 christianae
831 3535 939 3599 medio
964 3557 1046 3599 aevo
1064 3533 1291 3620 proveniebat,
1317 3532 1405 3619 quod
1505 3587 1506 3614 ,

283 3629 446 3713 gubernia
470 3632 506 3694 in
529 3653 580 3694 res
611 3632 782 3718 religionis
814 3655 972 3718 magnum
1004 3633 1169 3698 influxum
1201 3641 1401 3695 exercerent.

283 3727 417 3792 Etenim
435 3729 516 3814 ipsis
532 3729 764 3813 conveniebat,
782 3741 818 3795 ut
830 3732 1012 3796 secundum
1030 3732 1232 3796 directionem
1243 3729 1403 3794 Ecclesiae
1505 3767 1506 3770 =

282 3824 476 3908 religionem
500 3835 679 3909 tuerentur,
704 3838 923 3913 protegerent,
948 3828 1214 3894 observationem
1238 3828 1310 3912 ejus
1335 3827 1402 3890 vin-

283 3922 441 4000 dicarent,
466 3924 590 3989 abusus
614 3925 773 3992 tollerent.
822 3926 990 4006 Quamdiu
1014 3927 1078 3991 hac
1102 3929 1136 3990 in
1159 3948 1194 3989 re
1218 3924 1261 3989 ad
1286 3935 1400 3989 nutum

282 4030 419 4106 agerent
433 4022 614 4105 Ecclesiae
639 4024 673 4087 id
691 4036 779 4088 certe
796 4045 976 4108 congruum
995 4031 1065 4090 erat
1088 4035 1120 4090 et
1144 4024 1236 4089 debit
1223 4034 1305 4088 utm.
1330 4023 1400 4086 Hac

282 4127 393 4182 autem
417 4119 545 4184 ratione
569 4074 678 4185 mhltit
680 4122 744 4186 udo
768 4123 953 4186 assuefacta
972 4135 1051 4203 erat,
1077 4136 1113 4188 ut
1133 4123 1285 4187 viderent
1300 4120 1399 4185 multa

282 4218 316 4281 in
341 4240 376 4281 re
399 4216 553 4301 religiosa
579 4218 621 4283 ab
646 4222 788 4284 auctorit
790 4232 843 4284 ate
867 4221 957 4284 civili
975 4200 1118 4307 disponi.
1152 4221 1295 4302 Quando
1323 4240 1397 4282 vero
