2964 4912
336 467 389 522 298
415 467 417 476 '
733 468 791 522 XL.
827 468 868 522 De
886 467 1065 523 Jansenismo.

175 612 315 716 Rssstboeg‘i‘*
337 611 435 697 ejecti
467 621 553 675 sunt.
605 612 691 674 Tum
724 611 878 675 Pontifex
911 621 982 674 tum
1015 633 1075 674 rex
1108 621 1223 674 contra
1257 623 1444 698 opponentes

166 686 319 778 diddneods
337 713 509 794 episcopos
533 709 681 772 severius
704 709 883 793 procedere
899 707 1125 790 intendebant,
1151 709 1209 772 sed
1235 731 1273 774 ea
1287 712 1443 774 occasione

336 829 395 891 per
423 816 599 892 praetensa
630 805 805 890 privilegia
830 805 1005 870 Gallicana
1036 807 1206 888 negotium
1231 809 1375 871 maxime
1397 809 1443 870 im-

337 905 484 990 peditum
522 913 579 970 est.
633 904 727 967 Haec
763 905 851 968 enim
890 902 1082 985 obstabant,
1122 906 1301 990 quominus
1336 904 1445 968 archie-

335 1004 490 1087 piscopus
514 1002 710 1066 Parisiensis
733 1002 874 1065 Romam
900 1004 1067 1082 citaretur,
1093 1011 1272 1088 antequam
1297 1003 1332 1065 in
1349 1001 1445 1066 Gallia

330 1099 502 1184 judicatus
526 1109 629 1181 esset,
654 1109 753 1185 atque
778 1102 824 1164 ita
848 1123 899 1163 res
923 1101 1118 1164 frustrancis
1142 1100 1316 1185 colloquiis
1341 1111 1372 1163 et
1393 1121 1445 1162 mo-

335 1197 518 1262 nitionibus
553 1207 719 1283 protracta
760 1208 817 1264 est.
875 1198 985 1278 Quum
1021 1198 1175 1262 Clemens
1206 1199 1271 1281 Xl,
1308 1198 1447 1282 quamvis

335 1296 477 1376 invitus,
508 1314 652 1381 eousque
677 1298 745 1379 regi
770 1294 967 1380 obsequium
992 1304 1190 1380 praestaret,
1215 1305 1252 1358 ut
1275 1304 1351 1379 post
1373 1315 1444 1357 seve-

334 1415 405 1457 ram
441 1395 657 1458 monitionem
695 1395 924 1478 episcoporum
965 1392 1005 1456 de
1041 1393 1261 1458 submissione
1295 1392 1446 1471 facienda,
1474 1443 1475 1446 η

335 1513 393 1576 per
418 1489 603 1554 Concilium
634 1491 801 1554 nationale
832 1491 999 1576 judicium
1034 1491 1231 1555 concederet
1261 1493 1405 1570 institui,
1432 1513 1446 1551 a

334 1588 544 1653 Parlamento
569 1590 758 1675 oppositum
782 1588 855 1670 fuit,
880 1589 1040 1675 injustum
1061 1612 1131 1653 esse
1155 1611 1274 1673 cogere
1290 1591 1447 1674 episcopos
1474 1627 1475 1630 =

334 1686 377 1750 ad
402 1687 667 1752 submissionem.
708 1688 842 1751 Etenim
867 1688 1017 1751 nondum
1042 1698 1167 1752 certum
1188 1710 1271 1770 esse,
1299 1687 1446 1752 Constitu-

240 1776 242 1780 ’
334 1786 457 1848 tionem
483 1784 664 1849 Clementis
685 1785 736 1848 XI
760 1783 909 1868 regulam
934 1807 1005 1848 esse
1029 1785 1252 1868 dogmaticam
1278 1786 1370 1850 fidei.
1406 1784 1446 1847 Ad

334 1881 398 1946 hoc
422 1883 578 1946 videlicet
608 1883 732 1967 requiri
758 1904 954 1946 consensum
988 1885 1218 1969 episcoporum
1247 1885 1353 1946 totius
1376 1882 1446 1946 orbis

335 1980 523 2060 christiani3
556 1980 597 2044 de
620 1979 684 2043 hoc
710 2002 787 2043 vero
813 2002 977 2044 consensu
1000 1993 1036 2043 ut
1060 1990 1202 2062 constet,
1237 1982 1444 2045 necessarium

334 2099 407 2142 esse
437 2077 579 2163 amplius
602 2080 761 2162 temporis
785 2079 928 2162 spatium
963 2078 1095 2160 effluat,
1129 2087 1162 2142 et
1190 2100 1340 2164 eousque
1364 2080 1442 2141 etisn

333 2174 465 2239 Bullam
500 2178 586 2240 inter
627 2176 715 2260 leges
758 2175 911 2259 gubernii
952 2174 1060 2238 civilis
1102 2174 1218 2239 haberi
1253 2199 1324 2241 non
1360 2197 1443 2262 posse.

334 2273 528 2338 Ludovicus
552 2274 642 2338 XIV
679 2277 712 2337 in
737 2275 848 2337 animo
883 2271 1044 2353 habebat,
1078 2282 1115 2336 ut
1147 2273 1290 2338 solemni
1328 2272 1441 2337 sessioni

334 2371 537 2435 Parlamenti
562 2373 633 2457 ipse
650 2372 779 2435 adesset
803 2381 835 2434 et
856 2371 1077 2434 resistentiam
1092 2371 1277 2455 frangeret3
1305 2372 1364 2436 sed
1379 2374 1443 2434 inter

334 2468 417 2532 haec
440 2491 549 2532 rerum
575 2470 770 2534 discrimina
794 2469 848 2532 dis
875 2471 911 2532 1ο
935 2467 1139 2552 Septembris
1163 2492 1192 2533 a.
1219 2470 1310 2533 1715
1337 2491 1355 2534 e
1377 2469 1440 2530 viris

334 2566 482 2630 sublatus
514 2576 578 2649 est,
618 2577 719 2651 atque
749 2579 830 2630 tunc
862 2578 1048 2651 opportuna
1078 2575 1227 2652 tempora
1260 2565 1438 2652 oppositioni

334 2664 478 2742 adfuere.

424 2763 475 2826 88,
514 2763 688 2826 Ludovico
713 2761 802 2825 XIV
835 2764 924 2825 enim
958 2764 991 2824 in
1025 2783 1126 2844 regno
1160 2765 1326 2826 successit
1357 2759 1441 2825 Ludo·

334 2861 429 2923 vicus
452 2861 524 2924 XV
549 2861 619 2944 ejus
643 2880 807 2943 pronepos
832 2861 1074 2944 quinquennia,
1107 2858 1168 2922 sub
1194 2882 1259 2945 quo
1291 2854 1440 2946 usquead

333 2980 458 3021 annum
486 2960 570 3022 1723
594 2960 688 3042 regni
713 2958 1035 3021 administrationem
1064 2959 1165 3041 gessit
1188 2957 1370 3043 Philippus
1391 2955 1441 3017 dm

334 3056 601 3137 Aurelianensis,
636 3057 688 3117 vir
711 3055 859 3118 moribus
883 3065 1057 3140 corruptus
1081 3064 1114 3118 et
1136 3054 1311 3140 religionis
1336 3072 1438 3138 expers.

334 3155 390 3239 qui
416 3176 535 3238 magno
554 3152 727 3218 Gallorum
752 3152 908 3217 scandalo
933 3155 1179 3238 corruptionem
1205 3156 1239 3217 in
1265 3153 1346 3217 aula
1367 3151 1440 3226 fovit,

333 3253 444 3335 regiae
484 3263 516 3316 et
554 3251 798 3315 ecclesiasticae
836 3253 1042 3315 auctoritatis
1081 3251 1231 3316 osor1bus
1272 3250 1439 3323 audaciam,

333 3349 559 3414 dansenianae
593 3359 625 3412 et
650 3348 905 3429 Quesnellianae
930 3349 1132 3413 factionibus
1155 3358 1189 3412 et
1210 3348 1387 3435 pullulanti
1407 3348 1439 3408 in·

335 3447 543 3511 credulorum
568 3449 717 3511 societati
742 3449 830 3510 vires
856 3446 996 3511 addidit.
1046 3446 1157 3530 Ipsum
1182 3445 1390 3512 Cardinalem
1410 3441 1439 3504 de

335 3544 479 3610 Noailles
506 3544 693 3631 praesidem
719 3543 856 3608 Consilii
882 3545 1104 3608 conscientiae
1133 3547 1324 3625 constituit,
1355 3546 1396 3606 ita
1414 3549 1439 3600 ut

334 3645 368 3707 in
393 3645 622 3728 episcoporum
640 3643 834 3707 electionem
860 3653 891 3706 et
916 3645 950 3706 in
973 3665 1026 3706 res
1042 3642 1283 3706 ecclesiasticas
1304 3643 1358 3706 hic
1373 3659 1437 3702 sun·

334 3763 424 3804 mum
450 3741 615 3805 influxum
641 3752 818 3806 exerceret.
866 3741 1130 3804 Praevaluerunt
1161 3743 1262 3805 etiam
1287 3740 1348 3804 sub
1370 3755 1436 3802 novo

334 3839 473 3923 syndico
497 3839 691 3923 Hyacintho
713 3838 883 3902 Ravechet
906 3839 1035 3902 factiosi
1060 3840 1094 3902 in
1119 3837 1288 3923 Sorbona,
1320 3841 1364 3902 ita
1385 3833 1436 3920 qui·

334 3937 409 4000 dem
445 3945 482 4000 ut
514 3938 630 4001 eadem
655 3939 747 4022 prius
777 3937 945 4001 decretum
976 3945 1135 4022 tanquam
1169 3936 1395 4022 subreptitium
1414 3939 1436 3991 tt

333 4034 463 4096 irritum
495 4045 701 4118 expungeret
732 4035 882 4120 adeoque
908 4033 1160 4099 Constitutionis
1196 4035 1434 4120 acceptationem

334 4130 528 4215 denegaret3
574 4132 645 4217 ejus
681 4132 871 4217 exemplum
912 4132 1155 4198 Universitates
1192 4132 1382 4196 Rbemensis
1412 4134 1435 4185 et

333 4227 555 4292 Nannetensis
588 4231 736 4294 imitatae
769 4241 854 4296 sunt.
902 4229 1056 4294 Clemens
1079 4230 1130 4294 XI
1166 4231 1301 4316 quidem
1331 4224 1433 4293 archia
