3336 4908
95 1887 102 1942 stt
100 1862 102 1877 „
95 1813 102 1847 ἱ
91 1694 103 1784 ⁴2:322
94 1674 102 1683 2
88 1544 103 1658 <er-<52
86 1504 101 1536 ἐς
80 242 105 1496 xssnv-ssmrmmffssfflsskfflffln
80 31 102 233 ἶπιῖ-ῗ-,π-’ς-ὟἻ-
87 0 94 13 2

232 1915 235 1935 —
213 1821 229 1872 -,
211 1641 234 1770 c-.''-'
208 1368 233 1518 *,‚.j‘..·†
215 1329 221 1337 >
218 1260 230 1299 A...
209 1124 232 1194 ‘'.⁴
207 1018 219 1046 's
205 773 213 806 ⁴*
206 643 217 688 „¹-
204 401 207 409 “
201 226 206 237 ”
206 147 210 160 -
203 77 217 88 x
200 0 220 18 „s

121 579 122 591 ¹
206 618 208 626 ι
288 599 291 608 «
360 574 468 618 lavet·

374 637 459 689 godus.

502 429 557 484 220
907 425 956 479 XL
983 426 1025 481 De
1041 427 1221 482 Jansenismo.
1284 448 1285 451 ¹

594 571 625 634 6.
673 570 787 650 Quum
811 569 993 634 Jansenius
1016 570 1257 657 philosophicis
1282 570 1468 657 disciplinis
1490 593 1609 657 operam

504 669 616 750 daret,
657 690 733 732 cum
767 668 897 731 Jooooe
934 668 1080 753 Vergerio
1116 670 1155 733 de
1186 671 1366 733 Hourouoe
1402 671 1471 754 (Du
1501 670 1612 753 Verger

504 765 734 850 d’Hauranne)
758 766 940 829 amicitiam
965 767 1146 852 quamdam
1172 768 1349 849 contraxit,
1374 789 1460 853 quae
1476 769 1611 851 sequenti

501 874 650 950 tempore
665 864 880 927 vehementer
896 875 994 928 aucta
1010 875 1068 946 est,
1092 875 1124 928 et
1142 866 1324 950 praecipua
1338 887 1440 928 causa
1450 866 1512 929 fuit
1523 865 1611 929 studii

502 985 567 1049 quo
592 963 777 1026 doctrinam
791 984 816 1025 s.
828 960 1008 1045 Augustini
1020 963 1202 1027 Jansenius
1226 965 1426 1048 perscrutari
1452 967 1541 1026 nisus
1562 973 1611 1024 est.

501 1059 562 1124 Ille
570 1061 750 1145 Vergerius
763 1059 999 1143 eratBajonae,
1018 1082 1103 1145 quae
1118 1060 1198 1124 urbs
1215 1068 1264 1124 est
1279 1058 1410 1125 Galliae
1426 1059 1612 1124 Cantabriae

501 1160 624 1237 vicina,
641 1157 889 1237 alumnatus,
906 1157 1165 1244 parentibusque
1179 1168 1269 1222 ortus
1285 1158 1471 1241 ditioribus,
1489 1179 1613 1244 quorum
1664 1153 1665 1164 ¹

501 1278 585 1321 avus
602 1257 737 1320 civitate
752 1259 866 1339 pressa
881 1255 984 1336 fame,
1007 1278 1128 1320 nomen
1143 1257 1345 1337 Hoaroaoe'i,
1364 1257 1398 1320 id
1416 1266 1465 1320 est
1481 1256 1612 1340 Beoipoi,

502 1361 682 1431 meruerat,
723 1352 811 1438 quod
844 1353 1049 1438 pauperibus
1079 1355 1245 1437 insignem
1283 1376 1379 1439 opem
1411 1353 1548 1418 tulisset.
1577 1390 1613 1398 -

500 1453 649 1517 Joannes
667 1473 746 1514 vero
768 1460 880 1514 noster
900 1450 1087 1535 theologiae
1107 1474 1142 1515 se
1163 1451 1397 1531 consecrabat,
1423 1473 1463 1514 ac
1483 1453 1613 1536 primum

500 1551 638 1615 Parisiis
662 1549 771 1635 eidem
797 1570 931 1632 operam
958 1549 1061 1629 dedit,
1085 1548 1144 1613 ubi
1161 1551 1196 1614 in
1213 1549 1331 1613 eadem
1349 1549 1447 1613 domo
1464 1549 1616 1612 habitavit
1664 1537 1665 1542 ¹

504 1670 580 1712 cum
605 1648 770 1731 Dionysio
785 1646 935 1728 Petavio,
961 1648 1017 1732 qui
1043 1658 1157 1732 postea
1180 1655 1293 1710 tantus
1317 1647 1381 1710 fuit
1404 1649 1439 1710 in
1465 1645 1615 1711 Societatc
1665 1648 1666 1665 ³

501 1745 582 1812 Jesu
613 1743 827 1828 theologus.¹)
872 1744 946 1808 Non
980 1744 1037 1808 diu
1068 1755 1181 1809 tamen
1212 1745 1349 1809 Parisiis
1381 1745 1537 1827 substitit,
1567 1743 1615 1807 sed
1665 1785 1666 1809 1

501 1844 691 1908 Lovanium
716 1841 882 1927 profectus
907 1852 964 1923 est,
998 1843 1055 1907 ubi
1080 1845 1114 1907 in
1139 1844 1367 1908 Universitate
1398 1845 1485 1906 inter
1508 1842 1615 1929 proles·
1664 1875 1665 1878 κ

502 1962 592 2005 sores
615 1940 761 2004 Thomas
786 1938 967 2024 stapleton,
992 1941 1109 2006 duetus
1132 1941 1278 2026 Lipsius,
1303 1941 1422 2004 Petrus
1447 1941 1614 2016 Daemens,
1665 1979 1667 1983 .

502 2039 650 2106 Joannes
674 2037 877 2118 Paludanus,
902 2038 1051 2103 Joannes
1076 2036 1223 2119 Cluvius,
1250 2038 1397 2102 celebres
1421 2048 1525 2102 erant.
1569 2037 1614 2100 At·

501 2147 613 2202 tamen
638 2157 703 2200 non
729 2145 904 2221 propterea
927 2136 1062 2200 videtur
1077 2137 1258 2220 Vergerius
1273 2136 1463 2200 Lovanium
1487 2137 1614 2211 venisse,
1664 2151 1665 2220 J

502 2235 561 2300 sed
574 2257 674 2298 suasu
689 2242 722 2297 et
737 2232 884 2318 impulsu
894 2235 1042 2319 episcopi
1053 2234 1250 2320 Bajonensis
1260 2234 1438 2298 Bertrandi
1453 2233 1615 2309 d'Escaux,
1665 2242 1666 2251 ’

501 2342 539 2396 ut
562 2332 624 2409 sub
649 2325 833 2396 directione
847 2341 978 2416 patrum
997 2331 1171 2396 Societatis
1187 2332 1268 2396 Jesu
1292 2331 1489 2415 theologicis
1512 2330 1615 2394 studiis

502 2452 636 2516 operam
662 2429 765 2512 daret,
799 2429 860 2493 sub
886 2428 1007 2515 quibus
1031 2432 1131 2492 etiam
1156 2432 1333 2514 episcopus
1357 2428 1413 2493 ille
1437 2428 1545 2493 studia
1567 2449 1616 2490 sua

501 2529 696 2614 perfecerat.
744 2526 947 2610 Existebant,
966 2527 1101 2614 quidem
1126 2549 1163 2591 eo
1188 2537 1336 2613 tempore
1362 2527 1501 2591 dissidia
1532 2548 1615 2612 quae·

502 2626 578 2690 dam
604 2627 691 2690 inter
714 2626 778 2689 ΡΡ.
803 2625 950 2690 Jesuitas
975 2635 1008 2689 et
1033 2625 1303 2704 Universitatem,
1334 2624 1391 2688 sed
1422 2626 1518 2688 initio
1542 2633 1615 2686 certe

502 2725 681 2808 Vergerius
705 2745 822 2808 parum
847 2725 909 2786 ista
934 2723 975 2786 de
990 2745 1026 2785 re
1042 2722 1201 2786 sollicitus
1215 2722 1321 2804 fuiti)
1346 2720 1615 2786 Consuetudinem
1665 2718 1667 2775 ὲ

502 2821 648 2907 aliquam
673 2821 791 2885 hahuit
807 2818 987 2905 Vergerius
1011 2843 1086 2884 cum
1112 2821 1208 2886 Justo
1233 2821 1348 2905 Lipsio
1373 2820 1448 2883 viro
1473 2818 1614 2884 Societati
1664 2833 1665 2840 ¹

501 2920 584 2984 Jesu
608 2919 761 3000 addicto3
786 2918 842 2982 hic
866 2929 977 2982 tamen
1003 2920 1108 3004 ipsius
1131 2921 1280 2982 animum
1305 2941 1325 2982 a
1349 2916 1614 2982 Scholasticorum

503 3018 635 3102 scriptis
659 3017 841 3098 avertebat,
868 3026 992 3080 etcum
1017 3017 1060 3081 ad
1086 3016 1242 3081 colendas
1265 3016 1393 3080 litteras
1417 3015 1615 3079 humaniores

501 3124 601 3200 atque
631 3114 674 3178 ad
706 3114 864 3198 legendos
895 3115 1010 3179 Patres
1041 3114 1162 3179 latinos
1193 3124 1226 3178 et
1258 3135 1395 3198 graecos
1427 3114 1615 3177 hortabatur.
1665 3169 1666 3176 ,

579 3393 598 3458 ¹)
614 3391 782 3460 „L’humeur
806 3390 982 3457 particuliere
1008 3397 1037 3445 et
1060 3390 1166 3444 biaarre
1184 3390 1217 3444 de
1235 3391 1272 3444 du
1290 3388 1408 3457 Vergier
1434 3387 1560 3454 cmptcha
1576 3397 1615 3450 que

502 3472 591 3527 Petau
610 3472 659 3525 eut
676 3471 765 3539 grand
784 3485 930 3524 commercs
949 3486 1016 3525 areo
1028 3470 1083 3530 lui;
1103 3466 1132 3524 et'
1145 3470 1241 3537 depuis
1259 3473 1339 3523 etant
1351 3467 1468 3533 sesnin,
1487 3465 1615 3536 parlanti

502 3567 545 3607 ces
564 3553 640 3619 peres
660 3551 706 3617 qui
725 3550 964 3618 l'interrogeaient
983 3567 1029 3604 sur
1048 3544 1091 3603 du¹
1102 3549 1227 3618 Vergier,
1255 3549 1322 3603 abbe
1341 3550 1375 3603 de
1393 3547 1579 3615 SaintCyran,
1601 3542 1615 3596 il

502 3630 645 3698 repondait
663 3629 825 3684 d'ordinaire
844 3645 895 3696 que
914 3631 1009 3685 c'etait
1026 3646 1064 3683 un
1083 3629 1169 3697 esprit
1187 3626 1394 3695 inquietuain,
1414 3631 1613 3695 presumptueua

501 3711 638 3774 farouche
658 3726 687 3764 se
705 3710 928 3776 communiquant
946 3726 998 3778 peu
1017 3715 1046 3764 et
1064 3709 1122 3763 fort
1139 3708 1300 3777 particulier
1318 3710 1386 3762 dans
1405 3712 1498 3761 toutes
1516 3723 1556 3761 ses
1573 3719 1614 3759 ma·

501 3791 615 3847 nieres.“
656 3789 744 3858 Rapin
764 3791 784 3846 I.
805 3791 836 3848 L.
856 3792 877 3844 Ι.
897 3807 922 3858 p.
942 3793 986 3846 30.

575 3887 598 3958 ²)
621 3888 661 3952 ,Il
680 3893 788 3942 n’entra
806 3904 840 3943 en
858 3888 918 3942 rien
938 3889 971 3942 de
983 3894 1046 3942 tout
1058 3888 1124 3952 cela,
1143 3885 1248 3940 n'etant
1260 3889 1381 3953 prevenu
1404 3885 1518 3940 d'aucun
1529 3885 1613 3939 intem

502 3968 532 4022 ni
550 3968 683 4021 d'aueune
701 3967 828 4022 affection
847 3984 914 4036 pour
933 3969 989 4021 lun
1008 3984 1043 4022 ou
1061 3983 1130 4035 pour
1148 3966 1248 4021 l'autre
1266 3965 1348 4034 parti,
1372 3982 1475 4020 comme
1498 3967 1518 4020 il
1540 3962 1611 4032 parsit

501 4063 551 4115 par
575 4048 603 4101 la
627 4047 775 4101 resolution
801 4047 865 4114 qu'il
882 4047 939 4116 prit
957 4046 1089 4102 d‘etudier
1108 4062 1169 4100 sous
1187 4046 1228 4099 les
1246 4045 1367 4100 Jesuites
1390 4046 1459 4100 dans
1477 4042 1609 4100 l'obsouritt

502 4127 535 4181 de
554 4127 627 4182 leurs
646 4127 731 4181 eccles
751 4127 797 4194 qui
816 4126 949 4182 n’etaient
967 4127 1140 4194 frequentees
1158 4140 1274 4194 presque
1293 4125 1326 4179 de
1338 4129 1497 4192 personne.“
1531 4121 1607 4189 Repu,

504 4207 522 4263 l.
543 4223 564 4265 c,
584 4224 610 4275 p.
630 4209 674 4263 35.
