3020 4908
308 481 361 536 396
499 479 586 536 XLII
623 481 664 534 De
683 485 759 534 statu
778 479 914 534 Ecclesiae
932 495 1001 537 saec
1020 479 1122 534 decimo
1142 486 1246 537 octavo.

155 627 277 729 digfssffiv
307 624 363 688 illa
379 634 454 710 part
455 647 472 687 e
441 623 649 688 tdioecesis
664 623 888 710 Aquileiensis
904 646 988 709 quae
1005 622 1066 686 sub
1083 623 1257 708 temporali
1277 623 1390 687 Aust
1352 634 1431 688 triae

180 760 251 804 gesa
308 720 366 785 d1
344 731 433 786 rone
457 723 636 786 constituta
660 730 739 802 erat,
765 743 928 784 vicanum
945 731 1040 806 apos
1027 721 1164 784 choum
1182 720 1334 786 Goritiae
1358 725 1431 786 resi·

307 821 438 884 dentem
474 822 579 885 consti
582 821 661 902 tuit,
632 772 804 883 tddnec
837 822 953 904 vigent
941 821 1029 884 tibus
1063 819 1328 884 dissensionibus
1362 821 1435 884 finis

306 921 541 1004 imponeretur.
597 917 710 998 Quum
742 919 873 982 interim
906 919 1013 982 Maria
1043 918 1204 982 Theresia
1234 920 1434 1003 Imperatrix

306 1027 338 1080 et
361 1015 564 1102 Respublica
587 1017 717 1080 Veneta
751 1015 910 1080 nonnulla
943 1017 1030 1080 inter
1053 1039 1088 1079 se
1111 1025 1209 1101 pacta
1234 1019 1432 1094 statuissent,

305 1136 446 1200 quorum
461 1114 544 1178 haec
561 1123 631 1178 erat
647 1136 787 1195 summa,
813 1123 849 1177 ut
863 1114 1107 1198 patriarchatus
1122 1113 1350 1199 Aquileiensis
1367 1137 1433 1199 per-

304 1222 404 1297 petuo
430 1214 695 1297 supprimeretur
726 1211 858 1297 duoque
881 1213 1086 1296 erigerentur
1115 1212 1432 1297 archiepiscopatus,

303 1310 397 1375 Utini
429 1333 532 1391 unus,
565 1309 714 1374 Goritiae
744 1309 844 1389 alter,
881 1309 1084 1373 Benedictus
1107 1309 1150 1372 ad
1182 1311 1434 1394 praecavendas

304 1408 526 1472 dissensiones
561 1417 593 1472 et
625 1406 712 1471 bella
746 1430 831 1492 quae
861 1409 1033 1472 occasione
1066 1407 1156 1471 illius
1188 1406 1436 1491 patriarchatus

302 1506 491 1591 frequenter
519 1507 589 1591 jam
620 1516 833 1587 exarserant,
868 1528 896 1571 a.
925 1507 1008 1571 1751
1044 1506 1306 1590 patriarchatum
1332 1505 1433 1591 Aqui-

300 1603 458 1668 leiensem
490 1606 745 1690 inperpetuum
779 1605 940 1667 exstinxit
971 1614 1071 1690 atque
1095 1604 1177 1667 duos
1202 1603 1275 1667 illos
1307 1604 1432 1668 archie-

301 1704 494 1787 piscopatus
528 1696 725 1787 aequalibus
752 1702 887 1787 juribus
926 1711 958 1765 et
990 1703 1231 1786 praerogativis
1263 1701 1430 1769 fundavit.

301 1799 369 1863 Sed
401 1799 544 1883 superba
569 1800 772 1864 Venetorum
797 1799 998 1884 Respublica
1029 1801 1192 1885 quaedam
1226 1799 1279 1863 his
1303 1801 1340 1863 in
1370 1800 1432 1864 dis-

300 1897 522 1982 positionibus
547 1900 621 1962 visa
653 1908 702 1962 est
730 1899 882 1962 invenire
914 1920 999 1982 quae
1030 1898 1093 1962 sibi
1118 1901 1228 1962 minus
1259 1899 1430 1980 favebant,

300 2017 444 2079 moxque
474 1996 668 2060 Pontificem
711 2018 834 2059 vexare
865 1997 983 2081 coepit.
1029 1997 1149 2059 Vetuit
1180 1996 1355 2078 videlicet,
1393 2019 1431 2060 ne

297 2093 427 2157 litterae
452 2093 642 2178 pontificiae
674 2095 806 2158 effectui
831 2093 996 2175 darentur,
1022 2095 1085 2157 nisi
1111 2095 1202 2178 prius
1226 2117 1245 2157 a
1269 2097 1433 2180 regimine

299 2191 390 2255 civili
414 2193 563 2275 agnitae,
598 2214 682 2256 neve
717 2195 751 2255 in
775 2202 943 2276 posterum
976 2190 1220 2275 indulgentiae,
1254 2193 1432 2277 privilegia

296 2289 467 2370 altarium,
504 2292 655 2376 variique
688 2292 818 2374 generis
848 2290 1110 2374 dispensationes
1144 2299 1176 2353 et
1200 2292 1430 2355 concessiones

297 2412 317 2452 a
340 2388 502 2452 Pontifice
535 2398 724 2473 peterentur
766 2398 822 2452 aut
855 2390 1101 2473 acciperentur,
1138 2390 1202 2452 nisi
1236 2388 1298 2452 snb
1335 2392 1432 2452 certis

298 2485 555 2550 conditionibus.
602 2486 804 2550 Benedictus
841 2487 934 2549 XIV
970 2488 1128 2571 impensis
1165 2488 1299 2550 monitis
1337 2487 1431 2550 Rem·

296 2582 466 2668 publicam
490 2605 683 2669 permovere
708 2593 845 2649 conatus
868 2594 917 2648 est
941 2585 984 2647 ad
1002 2584 1212 2663 decretaista
1228 2585 1431 2666 revocanda,

298 2680 356 2744 sed
381 2681 466 2745 nihil
498 2682 589 2745 aliud
614 2684 821 2766 impetravit,
864 2683 928 2745 nisi
956 2693 993 2746 ut
1017 2691 1149 2745 senatus
1180 2692 1434 2760 contestaretur,

297 2778 361 2842 sibi
386 2781 523 2842 minime
547 2782 582 2843 in
606 2782 716 2843 animo
749 2781 849 2843 fuisse
873 2782 1103 2843 auctoritatem
1128 2781 1337 2864 pontificiam
1354 2805 1433 2845 suae

297 2875 470 2961 subjicere.
520 2876 730 2962 Quapropter
754 2877 912 2941 Pontifex
940 2899 1054 2941 omnes
1078 2880 1319 2942 conventiones
1345 2901 1429 2942 com-

297 2973 470 3038 merciales
504 2977 590 3038 inter
613 2997 689 3039 suos
723 2983 754 3038 et
781 2975 998 3061 Reipublicae
1025 2975 1176 3039 subditos
1208 2977 1362 3057 sustulit,
1400 2989 1430 3040 et

297 3072 464 3136 mercibus
500 3072 695 3136 Venetianis
742 3074 868 3159 majora
910 3073 1087 3158 vectigalia
1130 3075 1299 3158 imposuit.
1362 3075 1429 3138 Cle-

297 3193 391 3234 mens
415 3171 501 3234 XIII
534 3192 612 3234 vero
638 3171 709 3256 ejus
744 3193 928 3254 successor,
964 3173 1099 3235 natione
1124 3172 1294 3254 Venetus,
1327 3196 1348 3236 a
1371 3174 1428 3236 Re·

295 3269 431 3354 publica
455 3270 656 3354 impetravit,
681 3277 717 3331 ut
743 3268 876 3332 decreta
902 3271 965 3333 ista
988 3277 1170 3333 revocaret.

385 3366 439 3430 25.
485 3366 681 3431 Petentibus
706 3365 823 3430 Carolo
854 3368 906 3430 IV
937 3389 1014 3450 rege
1038 3371 1211 3452 utriusque
1236 3366 1374 3432 Siciliae
1403 3379 1434 3431 et

295 3466 474 3530 Francisco
492 3465 659 3550 Stephano
678 3488 797 3549 magno
822 3466 906 3529 duce
923 3465 1111 3550 Hetruriae,
1128 3465 1336 3530 Benedictus
1349 3466 1429 3530 XIV

295 3585 324 3626 a.
360 3563 446 3626 1748
480 3563 609 3626 dierum
647 3563 803 3628 festorum
846 3586 1021 3627 numerum
1059 3585 1118 3648 pro
1152 3565 1301 3649 ipsorum
1335 3565 1428 3627 terris

295 3661 432 3741 minuit,
469 3682 568 3745 quarn
593 3662 835 3724 restrictionem
870 3673 983 3746 postea
1008 3660 1183 3725 Sardiniae
1215 3670 1248 3725 et
1272 3664 1425 3725 Austriae

296 3759 473 3838 concessit,
507 3759 573 3821 imo
599 3760 633 3821 in
667 3761 839 3843 proprium
869 3781 965 3822 suum
998 3761 1199 3823 territorium
1231 3760 1421 3823 introduxit.

294 3854 334 3917 ld
365 3854 565 3938 quibusdam
592 3856 777 3940 displicuit,
814 3857 871 3920 sed
905 3857 1122 3920 consideratis
1148 3857 1318 3941 adjunctis
1346 3868 1419 3920 tem·

293 3973 411 4035 porum
437 3953 552 4016 merito
587 3952 650 4017 hac
674 3955 708 4016 in
732 3976 767 4016 re
794 3954 954 4017 Pontifex
978 3955 1064 4018 votis
1089 3953 1270 4017 multorum
1294 3956 1417 4039 acquie-

320 4048 326 4061 ‘
388 4086 431 4094 -
464 4049 525 4112 Illa
558 4058 665 4113 aetate
697 4060 809 4113 tamen
843 4053 943 4115 etiam
980 4052 1105 4116 Romae
1139 4054 1227 4116 inter
1259 4052 1420 4115 Praelatos

292 4146 406 4208 variae
441 4146 632 4211 tendentiae
664 4157 754 4212 ortae
779 4160 864 4215 sunt.
918 4148 1063 4229 Quidam
1096 4160 1299 4214 censuerunt
1321 4147 1418 4212 indul·

290 4243 438 4328 gendum
463 4246 543 4329 quid
567 4268 637 4309 esse
661 4248 824 4330 angustiis
848 4258 1046 4333 temporum,
1074 4269 1114 4311 ac
1139 4249 1362 4312 moderatione
1384 4257 1415 4308 et
