2964 4912
305 483 422 537 Comitia
440 483 511 536 Cleri
530 483 608 537 annis
628 483 804 538 loeo-1682
822 482 925 540 habita.
1122 483 1175 538 353

143 627 196 692 45.
245 626 498 713 Supposuerunt
530 636 629 712 atque
661 630 861 712 scripserunt
895 628 979 690 varii
1014 637 1174 707 auctores,
1189 630 1338 732 {Jgffif

50 727 101 788 uti
127 725 255 809 Dupin,
280 727 343 788 ista
366 726 523 789 severiori
547 727 760 810 responsione
782 727 968 790 Innocentii
985 726 1037 788 XI
1059 747 1176 811 provo·
1242 756 1286 795 nis.

50 833 164 888 catam
189 823 290 886 fuisse
314 822 582 887 Declarationem
606 823 767 888 famosam
792 822 880 887 Cleri
904 822 1085 899 Gallicani;
1118 825 1175 888 sed

50 921 154 1006 plane
188 942 335 984 erronee.
383 922 515 985 Etenim
548 922 734 986 Innocentii
766 922 874 985 Breve
904 923 1036 986 nonnisi
1065 944 1177 986 mense

51 1018 165 1103 Aprili
190 1020 270 1081 anni
297 1019 383 1084 1682
407 1022 544 1083 missum
570 1031 637 1100 est3
662 1019 888 1083 Declarationi
912 1029 1022 1083 autem
1048 1021 1101 1084 die
1120 1021 1180 1084 19ὓ

51 1117 168 1180 Martii
181 1118 334 1200 episcopi
350 1117 625 1202 subscripserunt,
651 1119 834 1203 eademque
845 1118 918 1203 jam
933 1118 1011 1183 inde
1030 1141 1049 1182 a
1066 1139 1182 1182 mense

51 1213 239 1278 Novembri
265 1215 344 1278 anni
362 1215 445 1279 1681
471 1215 705 1300 pracpabatur.
740 1216 813 1278 Rex
838 1219 936 1296 enim,
963 1216 1183 1279 incitantibus

52 1313 216 1375 ministris
252 1324 284 1374 et
315 1313 534 1396 confessario,
571 1313 749 1398 expetebat
786 1312 1002 1377 doctrinalem
1031 1312 1179 1398 aliquam

53 1409 325 1492 declarationem,
358 1421 391 1474 et
414 1411 611 1474 Commissio
641 1411 818 1475 duodecim
849 1412 996 1474 virorum
1029 1410 1180 1495 delegata

53 1519 106 1571 est
129 1508 173 1571 ad
189 1529 261 1571 eam
278 1508 530 1573 conficiendam.
570 1510 676 1573 Erant
700 1511 734 1572 in
758 1509 821 1573 hac
837 1510 1078 1573 Commissione
1094 1511 1185 1574 inter

54 1609 140 1670 alios
165 1605 205 1669 dc
230 1605 366 1691 Harlay,
393 1607 549 1672 Choiseul
574 1617 606 1671 et
629 1607 779 1689 Bossuet,
809 1625 908 1693 atque
932 1607 997 1690 hic,
1022 1609 1070 1672 uti
1095 1608 1182 1672 dixi-

55 1727 143 1783 mus,
167 1702 287 1768 frustra
310 1727 379 1768 rem
405 1706 567 1791 impedire
592 1705 645 1769 vel
667 1706 836 1770 retardare
861 1715 998 1770 conatus
1022 1715 1079 1772 est.
1115 1706 1179 1770 De-

55 1801 217 1866 mandata
240 1802 305 1866 fuit
329 1803 489 1867 confectio
508 1803 752 1868 Declarationis
773 1804 917 1888 primum
935 1807 1089 1891 episcopo
1102 1805 1182 1869 Tor·

53 1902 195 1964 nacensi
212 1899 378 1986 Choiseul,
403 1905 460 1987 qui
480 1901 606 1966 infelici
623 1924 778 1966 successu
793 1903 993 1986 expositioni
1010 1902 1182 1968 doctrinae

53 1996 278 2062 adlaboravit.
324 2001 401 2084 Ipse
425 2022 569 2086 eousque
593 2000 806 2084 opinionibus
830 1998 920 2063 falsis
937 1999 1085 2065 imbutus
1100 2011 1180 2083 erat,

54 2105 95 2158 ut
118 2097 297 2180 primatum
322 2098 493 2163 Pontificis
518 2110 550 2163 et
573 2098 896 2164 indefectibilitatem
921 2099 1017 2163 Sedis
1040 2099 1180 2184 Aposto-

53 2194 144 2257 licae
169 2194 376 2261 convelleret.
422 2198 603 2262 Bossuetus
627 2208 738 2262 autem
762 2197 902 2261 sollicite
926 2199 1105 2282 primatum
1119 2198 1181 2262 Ro·

55 2292 151 2354 mani
174 2291 346 2358 Pontificis
369 2295 533 2377 tuebatur,
566 2307 598 2359 et
629 2296 782 2382 quamvis
814 2294 1086 2360 infallibilitatem
1109 2296 1181 2381 ejus

56 2410 128 2452 non
145 2402 346 2473 agnosceret,
364 2391 397 2456 S.
409 2391 504 2457 Sedis
517 2404 629 2478 tamen
644 2392 953 2479 indefectibilitatem
970 2392 1179 2460 defendebat.

57 2487 294 2552 Contendebat
317 2490 483 2571 videlicet,
513 2489 633 2556 Sedem
661 2488 889 2575 Apostolioam
920 2489 1181 2555 indefectibilem

57 2606 149 2665 esse,
183 2596 346 2670 quatenus
379 2591 479 2653 series
511 2589 711 2653 Pontificum
743 2587 916 2653 collective
949 2599 1081 2672 sumpta
1114 2611 1182 2658 nou

56 2684 206 2768 possita
231 2706 310 2748 vera
334 2686 399 2750 fide
424 2687 609 2769 deflectere,
639 2709 753 2772 quum,
790 2687 816 2750 si
847 2685 930 2749 forte
954 2684 1075 2771 aliquis
1097 2688 1181 2751 Pon·

55 2779 145 2844 tifex
168 2793 299 2864 orasset,
325 2784 359 2847 id
384 2787 494 2849 statim
519 2785 573 2849 vel
597 2784 639 2849 ab
663 2787 734 2870 ipso
751 2783 805 2847 vel
828 2806 848 2847 a
872 2805 1060 2847 successore
1084 2786 1182 2848 corri-

54 2887 202 2964 geretur.
241 2880 336 2946 Haec
357 2883 509 2947 Bossueti
534 2883 694 2965 doctrina,
720 2892 840 2967 negata
863 2881 1097 2946 infallibilitate
1120 2883 1182 2946 Ro-

56 2979 153 3042 mani
187 2977 373 3062 Pontificis,
410 2980 529 3045 subtile
566 2981 734 3067 quoddam
769 2990 840 3044 erat
874 2980 1052 3064 effugium,
1091 2980 1183 3043 unde

56 3078 235 3160 episcopus
260 3078 479 3143 Tornacensis
508 3080 601 3143 nisus
635 3089 684 3142 est
715 3080 745 3142 ei
777 3069 971 3158 ostendere,
991 3078 1179 3161 negandam

55 3175 185 3261 pariter
216 3196 286 3238 esse
311 3176 633 3240 indefectibilitatem
657 3185 756 3261 atque
781 3174 1062 3240 infallibilitatem.
1097 3175 1181 3239 Con·

56 3276 242 3338 troversiae
271 3276 379 3338 exitus
402 3275 484 3357 fuit,
509 3284 546 3338 ut
569 3275 790 3338 Tornacensis
814 3276 989 3360 episcopus
1003 3273 1183 3350 recederet

57 3396 78 3436 a
110 3373 244 3455 negotio
269 3372 518 3458 componendae
543 3371 799 3453 Declarationis,
834 3381 866 3435 et
889 3370 1094 3435 elucubratio
1119 3372 1182 3438 ista

56 3472 221 3535 Bossueto
248 3472 549 3551 committeretur.¹)

150 3568 203 3634 46.
251 3568 431 3633 Bossuetus
454 3570 557 3653 igitur
578 3567 784 3647 festinanter,
816 3566 980 3651 urgebant
1010 3568 1099 3629 enim
1121 3587 1181 3632 rex

58 3669 199 3754 ejusque
223 3668 381 3750 ministri,
405 3667 673 3730 Declarationem
699 3664 908 3730 Gallicanam
932 3673 1073 3750 quatuor
1095 3664 1181 3727 Arti-

58 3764 145 3829 culis
170 3773 374 3829 constantem
399 3766 593 3849 composuit.
642 3763 754 3844 Quum
778 3761 894 3826 eadem
918 3763 1091 3846 opiniones
1107 3759 1183 3824 Gal·

58 3863 187 3927 licanas
221 3885 297 3926 cum
326 3863 469 3949 quadam
500 3863 726 3928 moderatione
755 3864 965 3946 exprimeret,
1001 3869 1034 3924 et
1064 3883 1083 3924 a
1112 3881 1182 3924 sen-

135 4094 157 4164 ¹)
177 4095 278 4148 Exstat
301 4093 426 4162 dialogus
444 4093 570 4148 Bossueti
595 4099 625 4148 et
652 4091 769 4160 episcopi
787 4089 965 4145 Tornacensis
990 4089 1072 4158 juxta
1089 4105 1183 4143 narra·

59 4177 164 4231 tionem
181 4175 267 4242 ipsius
285 4174 411 4228 Bossueti
430 4174 459 4228 in
477 4173 601 4242 operibus
619 4172 759 4228 Fenelonii
778 4171 865 4242 (Edit.
884 4171 916 4225 de
935 4170 1082 4226 Versailles
1101 4169 1131 4226 T.
1146 4169 1182 4228 ΙΙ.

60 4275 85 4325 p.
105 4255 178 4325 269),
198 4255 273 4309 etin
292 4254 403 4309 Collect.
421 4255 543 4320 Lacensi,
561 4255 591 4308 T.
610 4255 632 4308 Ι.
651 4270 676 4321 p.
695 4253 756 4307 838.

115 4357 257 4406 Jungmann,
271 4355 460 4396 Dissertationes.
488 4356 554 4395 Tom.
571 4355 619 4395 Vll.
1022 4341 1057 4392 23
