3034 4894
405 459 446 512 De
464 458 663 528 propagatione
681 458 911 514 Protestantismi.
1184 462 1219 515 47

96 603 216 689 pletam
248 624 381 666 versum
413 611 471 668 est.
523 601 589 666 Sed
619 602 681 665 ista
712 602 775 665 hoe
807 601 878 666 loeo
911 603 1017 667 fusius
1051 626 1219 689 exponere

97 725 158 766 non
182 711 294 766 vacat.

180 799 236 865 47.
284 798 400 862 Restat
430 808 467 860 ut
497 797 643 862 breviter
666 819 804 881 agamus
838 798 878 861 de
904 799 1087 881 conatibus,
1120 803 1219 886 quia

96 897 187 961 Rom.
212 894 432 960 Pontificibus
456 906 488 958 et
504 918 523 957 a
541 894 657 964 Carolo
676 896 709 956 V
732 895 811 959 faeti
836 907 913 959 sunt
936 907 972 960 ut
996 896 1141 961 haeresis
1165 921 1219 962 ex·

94 997 325 1077 stingueretur.
351 1031 392 1040 —
417 993 530 1057 Leone
554 994 587 1061 X
620 993 673 1057 die
703 995 740 1056 1⁰
763 993 959 1057 Decembris
992 1018 1021 1061 a.
1049 997 1131 1059 1521
1165 995 1380 1100 de·„¹¹,'‘}'{‡‘p

94 1093 216 1173 functo,
243 1092 298 1155 die
322 1092 359 1155 9⁰
383 1091 536 1155 Januarii
560 1115 589 1154 a.
616 1091 701 1155 1522
726 1091 768 1154 ad
793 1113 958 1155 summum
982 1091 1217 1158 Pontificatum
1263 1086 1268 1093 ⁸
1348 1087 1353 1098 '

94 1200 229 1254 evectus
259 1191 321 1253 fuit
346 1188 538 1252 Hadrianus
569 1188 614 1251 VI
634 1189 792 1254 Batavus.
840 1190 872 1252 ls
897 1189 1069 1274 Ultrajecti
1101 1189 1219 1253 humili

92 1287 162 1352 loeo
189 1297 299 1370 natus,
325 1287 510 1350 studiorum
536 1286 699 1350 curriculo
724 1288 760 1351 in
784 1288 1000 1351 universitate
1016 1288 1220 1353 Lovaniensi

94 1385 256 1466 censente,
282 1407 307 1448 s.
322 1382 509 1469 theologiae
533 1383 681 1448 lauream
708 1395 740 1448 et
763 1387 988 1468 magisterium
1014 1389 1046 1449 in
1066 1386 1122 1450 illa
1146 1409 1221 1451 con·

93 1493 228 1546 secutus
252 1492 310 1547 001.
358 1482 491 1546 Deinde
516 1482 664 1567 ejusdem
691 1485 917 1546 universitatis
938 1481 1163 1546 Cancellarius
1189 1494 1221 1546 et

95 1577 205 1643 Caroli
230 1580 411 1661 Austriaci,
436 1592 549 1664 postea
572 1579 788 1664 Imperatoris
812 1579 872 1643 sub
897 1582 1031 1644 nomine
1055 1579 1165 1644 Caroli
1177 1580 1219 1660 V,

93 1687 300 1762 praeceptor,
339 1700 359 1740 a
396 1677 609 1742 Ferdinando
646 1678 829 1763 Hispaniae
868 1699 958 1761 rege,
997 1679 1086 1763 apud
1122 1701 1219 1763 quem

92 1775 258 1858 legatione
290 1775 424 1838 functus
455 1785 535 1854 erat,
571 1777 764 1840 nominatus
793 1778 966 1860 episeopus
989 1777 1221 1842 Dortoniensis

94 1874 293 1959 (Tortosae),
318 1897 337 1936 a
352 1874 465 1937 Leone
480 1874 514 1936 X
538 1875 726 1938 Cardinalis
751 1886 881 1938 creatus
906 1885 962 1940 est.
1009 1876 1091 1938 Erat
1109 1885 1220 1938 autem

94 1993 217 2056 magna
243 1971 394 2034 doctrina
418 1984 450 2034 et
464 1974 563 2036 'omni
588 1974 749 2036 virtutum
773 1995 893 2057 genere
912 1972 1106 2036 Hadrianus
1130 1995 1220 2057 prae-

93 2069 196 2152 ditus,
228 2079 327 2154 atque
358 2071 456 2133 unice
487 2070 528 2133 ob
561 2070 647 2134 hano
678 2073 915 2155 praestantiam
948 2093 1042 2134 snam
1065 2071 1222 2133 Pontifex

93 2166 221 2231 electus
245 2177 303 2231 est.
340 2165 523 2231 Electionis
549 2190 629 2231 suae
653 2170 806 2230 nuntium
831 2169 921 2253 apud
938 2169 1119 2232 Victoriam
1139 2167 1221 2232 Can-

93 2265 223 2329 tabriae
248 2265 410 2350 oppidum
445 2268 584 2351 aceepit,
617 2288 692 2329 eum
717 2288 842 2330 annum
866 2277 946 2330 tune
969 2279 1081 2350 ageret
1104 2269 1222 2330 aetatis

94 2364 341 2446 sexagesimum
366 2365 511 2430 tertium.
557 2363 698 2428 Romam
730 2367 883 2450 pervenit
917 2366 971 2428 die
994 2366 1054 2429 29⁰
1078 2365 1222 2448 Augusti

95 2485 124 2526 a.
152 2461 251 2542 1522,
288 2482 457 2547 quumque
485 2461 556 2546 jam
588 2463 725 2525 die-14⁰
749 2460 953 2547 Septembris
977 2485 1006 2529 a.
1032 2464 1223 2528 152311101-

95 2568 171 2621 tuus
197 2559 249 2638 sit,
275 2559 334 2620 vix
359 2558 449 2622 ultra
473 2581 598 2623 annum
622 2560 746 2623 Romae
761 2560 932 2624 Ecclesiae
955 2561 1109 2646 praefuit.
1155 2561 1221 2624 Ha·

96 2657 234 2720 drianus
258 2657 367 2741 quoad
392 2657 554 2720 haeresim
569 2656 707 2721 Lutheri
731 2659 828 2722 inea
852 2659 916 2723 fuit
932 2660 1097 2744 opinione,
1122 2658 1220 2744 quod,

96 2776 198 2839 quum
232 2756 415 2818 sententiae
450 2754 493 2819 ab
525 2755 580 2819 illo
613 2757 799 2841 propositae
829 2767 895 2820 tam
927 2758 1070 2822 absonae
1103 2768 1221 2837 essent,

98 2854 154 2914 vix
179 2851 299 2915 iisdem
329 2851 432 2937 aliqui
457 2876 500 2917 ex
524 2856 634 2917 animo
660 2853 920 2936 adhaererent.¹)
966 2854 1032 2921 Sed
1056 2857 1221 2920 existima-

101 2952 152 3032 vit,
188 2971 324 3013 causam
351 2950 547 3015 defectionis
570 2973 642 3014 esse
665 2953 700 3016 in
724 2952 885 3017 abusibus
909 2963 941 3016 et
963 2954 998 3016 in
1022 2974 1151 3016 morum
1175 2975 1222 3016 re·

95 3046 275 3112 laxatione.
305 3050 464 3113 Attamen
488 3049 532 3113 ad
548 3052 693 3135 primum
718 3051 807 3135 quod
831 3053 958 3132 attinet,
982 3071 1100 3114 revera
1122 3052 1222 3114 etiam

95 3168 222 3210 errores
247 3145 385 3210 Lutheri
412 3146 563 3232 plurimis
589 3147 687 3210 valde
712 3151 840 3233 accepti
865 3159 967 3230 erant,
992 3159 1090 3234 atque
1115 3172 1134 3212 a
1157 3150 1221 3213 Lu-

95 3245 188 3308 thero
215 3253 248 3308 01
264 3244 405 3329 xasseclis
430 3247 502 3331 ejus
525 3246 715 3331 praecipuis
732 3248 879 3310 maxima
896 3248 1119 3311 obstinatione
1134 3258 1222 3310 tene-

95 3341 231 3406 bantur.
279 3342 399 3423 Quoad
422 3343 562 3407 alterum
594 3354 705 3407 autem
731 3344 933 3426 Hadrianus,
970 3365 1072 3429 quum
1106 3345 1222 3430 majori

95 3439 292 3524 procederet
323 3440 467 3505 candore
499 3450 532 3504 et
563 3441 691 3504 fervore
724 3464 824 3527 quam
848 3443 1035 3528 prudentia,
1067 3453 1224 3526 expertus

97 3549 147 3602 est
179 3537 357 3601 hominum
403 3540 551 3603 animum
585 3541 751 3623 ingratum
785 3552 817 3603 et
849 3562 1050 3626 perversum.
1098 3540 1223 3604 Romae

169 3762 192 3832 ¹)
213 3760 301 3828 Quum
320 3759 407 3814 adhuc
424 3765 497 3813 esset
509 3758 661 3813 cardinalis
680 3760 712 3813 de
726 3760 839 3814 Lutheri
858 3761 992 3816 erroribus
1008 3761 1132 3831 scripsit:
1156 3761 1223 3829 „Qui

96 3858 162 3897 sane
180 3848 239 3894 tam
257 3841 337 3894 rudes
356 3846 385 3894 01
403 3840 552 3908 palpabiles
570 3841 694 3895 haereses
713 3841 779 3893 mihi
798 3840 986 3907 praeseferre
1005 3841 1124 3907 videtur,
1144 3847 1177 3896 ut
1190 3856 1224 3894 ne

97 3920 246 3990 discipulus
265 3920 373 3987 quidem
396 3919 551 3988 theologiae
570 3937 601 3975 ae
618 3921 706 3988 prima
731 3921 789 3989 ejus
816 3921 910 3974 limina
936 3921 1076 3990 ingressus
1102 3923 1144 3976 ita
1170 3921 1224 3976 labi

99 4001 195 4055 merito
223 4000 365 4067 potuisset.
394 4030 427 4039 -
455 3999 538 4054 Miror
563 4001 652 4066 valde,
679 4001 749 4068 quod
773 4001 850 4054 homo
873 4007 931 4054 tam
949 4000 1225 4068 manifestatumque

98 4079 277 4148 pertinaciter
295 4079 324 4133 in
342 4079 394 4134 fide
414 4096 506 4134 errans
525 4086 554 4134 et
571 4097 634 4135 suas
662 4081 786 4135 haereses
810 4081 965 4147 somniaque
989 4081 1143 4135 diffundens
1175 4081 1223 4135 im-

100 4177 170 4228 pune
188 4174 279 4214 errare
298 4166 327 4214 et
345 4160 413 4214 alios
432 4160 460 4214 in
479 4160 718 4228 perniciosissimos
734 4177 839 4216 errores
852 4161 961 4216 trahere
972 4161 1081 4229 impune
1096 4162 1224 4218 simtur.“

100 4239 250 4294 Burmanni
268 4239 401 4296 analecta.
421 4241 494 4297 Hist.
514 4241 546 4295 de
564 4241 647 4296 Hadr.
666 4242 715 4299 VI.
734 4241 853 4310 Trajecti
874 4242 950 4296 1727.
969 4258 994 4309 p.
1013 4243 1075 4298 447.
