3034 4894
405 454 445 508 De
463 453 661 522 propagatione
680 454 910 508 Protestantismi.
1184 456 1219 510 55

183 598 238 662 56.
286 597 332 662 Ut
360 596 635 660 Dissertationem
667 597 753 661 hanc
785 597 1037 683 concludamus,
1074 620 1140 664 non
1173 601 1390 664 ἰπὶ-ΜΘΝ*

94 716 280 778 congruum
305 695 439 758 videtur
469 694 511 757 ad
535 695 676 758 Lutheri
708 695 932 760 characterem
957 700 1144 762 accuratius
1168 697 1221 762 de·
1269 667 1349 703 rator.

92 792 290 858 lineandum
314 792 370 856 hic
403 791 540 876 addere,
573 815 657 878 quae
683 804 786 857 morte
810 794 881 880 ejus
906 805 1057 861 enarrata
1081 797 1221 860 Pallavi-
1276 815 1278 820 ’

93 893 190 954 cinus
208 892 333 956 scribit.
366 891 567 975 ,Foecundo
584 893 719 974 ingenio
744 892 914 976 praeditus
938 895 1011 975 fuit,
1037 895 1094 958 sed
1111 895 1222 981 hujus·

93 989 195 1070 modi,
221 1000 258 1053 ut
281 989 463 1074 plurimum
479 989 602 1070 acerbi,
628 989 712 1054 nihil
728 1013 876 1075 unquam
894 995 1015 1056 maturi
1032 992 1221 1078 protulerit:

91 1089 219 1172 quippe
243 1110 285 1150 ne
310 1109 411 1150 unam
429 1086 565 1171 quidem
582 1087 671 1150 illius
688 1088 939 1154 meditationem
955 1093 1112 1176 reperias,
1136 1113 1221 1176 quae

90 1186 234 1269 legentis
259 1187 410 1249 animum
434 1185 576 1270 expleat,
610 1196 642 1248 et
673 1208 757 1271 quae
789 1209 856 1251 non
880 1191 985 1273 magis
1008 1191 1155 1252 imitetur
1177 1191 1223 1272 gi·

89 1293 230 1368 gantem
254 1283 456 1363 abortivum,
482 1305 582 1368 quam
606 1284 731 1348 foetum
749 1285 954 1369 perfectum·
976 1288 1071 1352 Mens
1087 1287 1222 1373 quidem

91 1381 138 1445 illi
163 1380 318 1463 robusta,
349 1381 406 1444 sed
430 1383 589 1444 vastatori
614 1385 722 1466 aptior
746 1405 847 1467 quam
871 1384 1092 1449 aedificatori:
1123 1394 1222 1470 atque

90 1481 136 1542 ita
169 1489 361 1565 spectamus
395 1477 593 1542 catholicam
624 1479 819 1563 religionem
854 1481 897 1545 ab
930 1504 967 1546 eo
1002 1482 1153 1569 pluribus
1187 1484 1222 1546 in

89 1578 205 1662 regnis
230 1599 389 1653 eversam,
416 1575 473 1639 sed
491 1575 638 1661 ejusdem
666 1577 850 1643 doctrinam
874 1590 1015 1662 angusta
1039 1583 1071 1644 in
1088 1581 1222 1664 regione

89 1676 279 1742 fundatam.
314 1676 490 1760 Copiosam
508 1696 619 1738 rerum
637 1676 857 1740 eruditionem
873 1677 1027 1758 obtinuit,
1053 1677 1111 1742 sed
1128 1679 1221 1762 quasi

90 1773 258 1857 plurimae
282 1772 495 1858 supellectilia
520 1775 718 1856 congeriem,
744 1776 816 1838 sive
840 1778 985 1840 nummis
1001 1777 1113 1840 aeneis
1136 1775 1222 1838 locu·

90 1871 161 1956 ples
189 1873 364 1954 aerarium,
396 1893 463 1935 non
487 1872 582 1955 quasi
609 1874 801 1935 vestiarium
834 1873 996 1938 nobilium
1021 1873 1222 1954 aulaeorum,

91 1971 163 2033 sive
206 1972 367 2034 unionum
406 1990 680 2054 gemmarumque
720 1969 923 2036 thesaurum.
977 1973 1034 2052 Et,
1054 1972 1116 2036 hac
1151 1973 1223 2056 ipsa

90 2069 292 2132 eruditionis
326 2068 500 2132 affluentia
537 2090 615 2131 usus
650 2069 757 2132 fuerat
789 2069 894 2133 veluti
927 2071 1071 2156 quadam
1107 2068 1223 2132 imbris

91 2166 217 2230 aestivi
242 2164 395 2250 procella,
437 2186 522 2250 quae
546 2164 696 2230 tellurem
728 2189 967 2252 usquequaque
999 2167 1118 2244 obruit,
1149 2188 1224 2230 nus·

91 2285 195 2350 quam
221 2265 264 2328 ad
287 2263 547 2328 foecunditatem
566 2263 704 2328 imbuit:
729 2265 857 2328 nullum
875 2267 963 2328 enim
980 2274 1223 2350 argumentum,

92 2366 264 2426 variarum
304 2361 516 2426 historiarum
559 2363 676 2425 notitia
730 2363 783 2426 vel
822 2362 1001 2428 multorum
1052 2371 1224 2428 auctorum

91 2461 236 2526 lectione
276 2460 442 2543 indigum,
490 2457 532 2522 ab
573 2458 627 2522 illo
679 2482 828 2545 unquam
869 2461 1077 2525 illustratum.
1146 2462 1225 2524 Fuit

94 2561 252 2646 eloquens
275 2558 390 2642 lingua
414 2567 447 2621 et
470 2557 616 2639 calamo:
656 2558 713 2622 sed
745 2561 850 2622 instar
881 2559 1024 2623 turbinis
1052 2558 1223 2643 pulverem

94 2657 274 2721 attollentis
305 2655 348 2720 ad
372 2655 483 2720 oculos
517 2655 758 2737 occaecandos,
791 2679 857 2720 non
888 2658 1011 2742 placidi
1035 2658 1135 2720 fontis
1158 2656 1223 2740 pel-

93 2755 241 2820 lucidam
274 2775 396 2839 aquam
428 2753 629 2816 effundentis
660 2753 703 2818 ad
736 2755 969 2835 recreandum:
1010 2776 1085 2818 cum
1117 2755 1150 2818 in
1175 2763 1225 2816 tot

96 2855 164 2939 ejus
188 2852 347 2938 operibus
371 2873 413 2915 ne
438 2873 537 2914 unam
563 2851 696 2936 quidem
727 2854 900 2937 periodum
933 2855 1083 2916 invenire
1115 2851 1222 2933 liceat,

99 2973 179 3036 quae
217 2950 379 3014 incultum
419 2959 452 3013 et
490 2959 617 3033 agreste
654 2949 813 3035 quiddam
850 2973 916 3015 non
954 2973 1031 3035 prae
1064 2973 1097 3012 se
1129 2949 1221 3014 ferat.

95 3049 270 3113 Audacem
295 3069 329 3111 se
353 3047 515 3132 praebuit,
549 3069 614 3111 non
639 3048 768 3130 fortem,
795 3060 906 3113 suetus
931 3051 1022 3112 rixas
1046 3050 1140 3112 initio
1165 3071 1223 3133 per

94 3149 257 3231 impetum
275 3144 421 3229 aggredi,
447 3155 563 3230 postea
587 3167 645 3229 per
669 3148 820 3210 timorem
846 3149 1010 3233 prosequi,
1037 3148 1161 3210 veritus
1181 3168 1223 3209 ne

95 3244 282 3328 despicatui
307 3242 493 3325 haberetur,
519 3265 604 3307 neve
629 3244 693 3307 sibi
726 3247 824 3308 venia
849 3247 1077 3329 denegaretur.
1118 3245 1222 3307 Nemo

94 3341 297 3427 petulantior
321 3343 355 3404 in
372 3340 608 3405 conculcandis
632 3344 713 3426 ipsis
728 3345 939 3427 regnantium
956 3347 1105 3428 sceptris,
1131 3341 1222 3405 dum·

94 3439 193 3504 modo
219 3461 240 3502 a
264 3460 298 3502 se
314 3441 458 3519 remotis,
484 3439 646 3503 lutulento
664 3440 758 3524 pede,
784 3463 942 3525 persnas
967 3442 1124 3505 nimirum
1149 3461 1223 3503 con·

92 3537 249 3600 tumelias
265 3538 377 3600 verius
395 3559 493 3622 quam
511 3547 657 3621 satyras:
683 3560 780 3602 nemo
797 3538 853 3602 illo
869 3538 1119 3618 formidolosior,
1146 3559 1222 3601 cum

94 3657 198 3720 prope
208 3634 542 3719 instabantperioula.
566 3634 671 3721 Saepe
681 3635 828 3699 dolorem
839 3637 1005 3721 praetulit,
1020 3635 1222 3722 quodusqne

95 3756 132 3797 eo
157 3754 350 3819 progressus
374 3733 490 3796 fuisset
512 3733 672 3797 adversus
690 3733 904 3806 Pontificem;
931 3736 987 3798 sed
1010 3735 1224 3818 pertinaciter

95 3831 206 3894 adhuc
223 3831 397 3915 pugnavit,
422 3830 511 3916 quod
531 3831 602 3916 jam
627 3833 815 3916 praecisum
840 3855 859 3895 a
883 3841 974 3914 tergo
999 3839 1134 3915 pontem
1159 3831 1222 3893 sibi

95 3929 257 3992 crederet:
271 3937 370 4014 atque
380 3951 418 3992 ea
426 3931 538 4014 spuria
551 3929 744 3993 fortitudine
756 3953 834 3992 usus
846 3939 903 4009 est,
921 3951 1020 4015 quam
1030 3928 1223 3992 Aristoteles

96 4026 213 4090 belluis
238 4025 364 4108 tribuit,
397 4049 482 4112 quae
506 4029 626 4090 acriter
649 4039 810 4112 pugnant,
842 4049 917 4090 cum
941 4027 984 4091 ad
1008 4049 1067 4090 sua
1091 4026 1223 4112 spelaea

98 4124 301 4209 paludesque
330 4135 500 4211 receptum
532 4147 599 4188 non
631 4123 765 4188 habent.
814 4123 953 4209 Saepius
985 4123 1104 4188 obtulit
1128 4123 1221 4188 silen-

74 4225 76 4232 ’
97 4224 188 4303 tium,
214 4223 241 4286 si
266 4225 391 4306 pariter
415 4223 598 4288 adversarii
622 4225 820 4287 tacuissent:
850 4224 883 4286 in
910 4245 974 4308 quo
998 4221 1108 4307 palam
1132 4222 1222 4304 fecit,
