3336 4908
422 459 463 513 De
480 458 565 515 variis
584 458 784 516 controversiis.
1111 459 1165 516 209

58 601 222 666 discessum
251 601 377 683 Toleti,
411 624 515 688 quum
547 602 750 687 praesideret
782 603 915 667 cuidam
946 604 1164 689 disputationi

57 698 194 764 debonis
210 699 376 786 operibus,
401 700 481 765 talia
506 701 601 782 dixit,
627 709 664 764 ut
684 702 847 764 motivum
864 702 957 765 daret
972 702 1166 786 suspicandi

56 797 115 880 ejus
137 796 376 883 subjectionem
400 820 467 862 non
491 819 562 862 esse
586 799 794 880 sinceram.¹)
841 800 939 863 Forte
954 809 1065 864 tamen
1081 798 1165 864 hacc

54 895 150 977 potius
166 916 209 958 ex
224 905 317 960 aestu
342 896 486 982 quodam
511 917 551 959 ac
567 896 700 960 defectu
715 896 888 981 prudentis
907 897 1039 982 judicii,
1064 918 1165 982 quam

54 994 217 1057 exanimo
243 993 329 1057 male
352 995 471 1057 affecto
495 993 747 1078 proveniebant.

129 1189 181 1254 31.
212 1188 268 1253 Ad
279 1188 354 1274 Baji
372 1189 539 1253 doctrinas
563 1189 652 1274 quod
669 1199 805 1275 spectat,
829 1189 1015 1274 theologiae
1032 1190 1333 1274 dogma-uastauere..

51 1286 125 1348 ticae
148 1296 196 1350 est
220 1287 326 1351 fusius
350 1308 406 1350 eas
430 1308 605 1371 exponere,
638 1288 871 1373 integrumque
900 1287 989 1351 illius
1020 1297 1164 1372 systema
1447 1281 1458 1289 ’λ

52 1383 200 1450 evolvere.
212 1386 238 1466 2)
285 1385 359 1448 Hoc
389 1383 461 1448 loco
495 1385 638 1448 sufficiet
668 1386 865 1470 praecipuos
896 1385 1057 1470 quosdam
1088 1385 1163 1471 Baji

52 1502 162 1546 errores
194 1482 355 1572 recolere,
394 1481 515 1567 quibus
549 1482 702 1546 Jansenii
743 1484 902 1548 doctrinis
937 1481 1163 1568 praeludebat.

52 1578 213 1645 Statuebat
237 1571 348 1665 igitur,
383 1581 421 1643 1⁰
443 1579 614 1644 hominem
638 1579 768 1665 lapsum
793 1583 865 1645 siue
888 1581 1014 1664 gratiae
1037 1579 1163 1644 auxilio

51 1677 166 1742 nullum
190 1680 326 1743 omnino
352 1678 475 1742 morale
497 1677 623 1741 bonum
639 1679 770 1743 efficere
785 1700 889 1764 posse,
915 1688 946 1743 et
969 1677 1094 1742 nullam
1109 1678 1163 1743 vel

50 1773 242 1842 levissimam
265 1777 482 1840 tentationem
507 1798 671 1861 superare.
712 1778 750 1840 2⁰
771 1776 953 1858 Statuebat,
978 1774 1078 1839 fidem
1101 1775 1163 1840 for-

51 1873 157 1937 malem
186 1875 329 1959 primam
360 1876 500 1958 gratiam
533 1896 612 1954 esse,
647 1895 710 1937 nec
733 1873 834 1938 ullam
858 1896 990 1959 prorsus
1021 1876 1163 1959 gratiam

51 1981 116 2034 ante
138 1972 240 2036 fidem
265 1973 372 2035 aDeo
397 1970 524 2035 homiui
547 1971 660 2036 tribui.
688 1972 726 2035 3⁰
747 1973 831 2036 Inde
853 1972 1026 2052 inferebat,
1052 1974 1164 2037 omnia
1265 1997 1267 2001 ’

50 2068 223 2135 infidelium
248 2091 358 2154 opera,
383 2091 468 2156 quae
484 2079 725 2156 consequenter
748 2073 820 2134 sine
843 2071 950 2155 gratia
972 2071 1066 2150 fiunt,
1090 2071 1162 2134 toti-

51 2165 209 2232 demessa
234 2176 371 2253 peccata
394 2190 434 2232 ac
457 2169 540 2232 vitia
569 2170 701 2254 proprie
735 2169 835 2251 dicta,
876 2191 960 2254 quae
993 2178 1161 2232 aeternam

51 2264 288 2330 damnationem
312 2275 508 2330 mereantur.
555 2267 594 2330 4⁰
618 2265 801 2347 Statuebat,
833 2266 934 2330 fidem
962 2266 1054 2330 illam
1078 2288 1163 2352 quae

50 2364 78 2426 in
99 2365 201 2448 ipsius
226 2362 402 2449 hypothesi
426 2365 534 2448 prima
558 2365 665 2447 gratia
688 2373 746 2445 est,
772 2364 1027 2448 inseparabilem
1051 2385 1122 2427 esse
1142 2385 1172 2426 a*

51 2463 175 2526 caritate
207 2484 266 2525 seu
291 2461 550 2546 justificatione,
583 2461 837 2537 homineslvero
869 2484 936 2526 non
962 2461 1163 2547 justificatos

49 2578 175 2640 peccare
211 2561 247 2623 in
281 2558 435 2622 omnibus
468 2559 623 2644 operibus
656 2561 738 2640 suis,
779 2562 858 2645 quia
893 2560 1162 2643 coucupiscentia

50 2657 179 2721 carnalis
205 2658 246 2720 iis
263 2657 462 2723 dominatur.
509 2657 593 2722 Inde
613 2657 842 2739 concludebat,
867 2657 1041 2739 desideria,
1066 2680 1162 2720 cona·

49 2761 101 2838 tus,
125 2757 290 2820 orationes
313 2756 411 2840 ipsas,
437 2755 559 2840 quibus
582 2764 772 2841 peccatores
786 2757 938 2820 nituntur
956 2754 1163 2839 justificatio·

48 2873 113 2917 nem
136 2852 289 2939 adipisei,
313 2847 451 2919 totidem
475 2863 613 2938 peccata
637 2876 718 2921 esse.

127 3041 180 3106 32.
207 3038 551 3105 Animadvertendum
576 3041 676 3104 etiam
693 3050 750 3121 est,
774 3040 896 3126 Bajum
910 3043 945 3104 in
962 3038 1161 3125 quibusdam

49 3139 308 3221 quaestionibus,
347 3160 432 3222 quae
464 3138 651 3203 Ecclesiam
683 3149 715 3202 et
746 3139 931 3202 Romanum
965 3136 1160 3200 Pontificem

50 3236 245 3318 spectabant,
270 3237 380 3299 minus
405 3247 559 3300 accurate
576 3238 725 3302 sensisse.
758 3236 814 3302 Sic
829 3259 857 3301 a.
876 3235 961 3299 1575
984 3243 1160 3298 tractatum

50 3335 170 3419 scripsit
185 3355 258 3419 fquo
283 3334 455 3398 ostendere
479 3337 610 3417 nititur,
635 3357 678 3398 ex
701 3335 784 3399 Luc.
810 3334 862 3398 22.
878 3333 922 3397 32
947 3332 1160 3398 infallibilita-

49 3438 106 3494 tem
129 3433 167 3496 R.
182 3432 354 3496 Pontificis
380 3432 514 3516 probari
538 3454 603 3497 nou
628 3454 732 3517 posse.
758 3430 868 3517 Atque
891 3431 934 3494 ad
955 3429 1162 3503 Quaestioues

49 3526 103 3609 ipsi
133 3530 316 3614 propositas
340 3552 360 3592 a
383 3529 532 3593 Marnice
560 3552 579 3592 a
610 3552 634 3593 s.
660 3529 868 3614 Aldegunde,
901 3527 1160 3592 Calvinistarum

50 3622 134 3708 duce,
166 3629 214 3690 ita
237 3627 417 3712 respondit,
454 3638 489 3691 ut
514 3626 716 3691 Calvinistae
747 3627 882 3712 quidem
912 3625 1067 3710 placeret,
1101 3624 1160 3689 sed

50 3727 267 3788 auctoritatem
283 3724 463 3806 Ecclesiae,
488 3747 573 3809 quae
590 3723 770 3789 Catholicis
785 3725 937 3809 proxima
952 3722 1066 3806 regula
1083 3722 1160 3786 fidei

114 3980 135 4049 ι)
155 3981 210 4038 cfr.
229 3983 413 4035 Linsenmann
437 3981 553 4034 Michael
570 3981 656 4053 Bajus
675 3982 730 4034 und
749 3980 793 4034 die
812 3979 1011 4048 Grundleguug
1029 3979 1075 4032 des
1093 3978 1159 4032 Jan·

51 4059 178 4126 uniamus,
196 4079 222 4130 p.
242 4063 285 4117 69.
304 4061 448 4129 Tubingen
468 4060 557 4128 18673
581 4060 715 4115 Katholik
733 4076 757 4116 a.
779 4059 856 4115 1868.
875 4057 906 4115 Τ.
924 4060 946 4114 L
965 4075 991 4113 n.
1012 4059 1086 4112 XXI.
1105 4059 1161 4112 Zur

52 4135 199 4196 Geschichte
218 4143 264 4196 des
283 4141 465 4210 Bajanismus.

114 4228 134 4297 2)
152 4230 185 4286 V.
204 4231 363 4317 Tractatum
381 4234 504 4283 nostrum
522 4230 562 4282 Dc
582 4228 678 4282 Gratia
698 4227 750 4299 (ed.
761 4229 815 4294 vV.)
828 4244 879 4301 nn,
899 4227 934 4280 94
952 4242 1009 4292 sqq.

97 4337 233 4390 dungmanm
248 4340 436 4379 Dissertationes.
452 4339 516 4378 Tom.
533 4339 584 4378 Vll.
674 4358 675 4361 ¹
965 4324 999 4376 14

119 4462 137 4521 s
