3336 4908
384 459 424 513 De
443 457 572 512 Romanis
590 457 775 515 Pontificibus.
1099 457 1152 511 203

53 603 95 667 lb
116 606 179 688 ipso
203 604 256 668 die
283 604 341 666 17⁰
367 601 563 666 Decembris
586 625 615 665 a.
644 601 728 666 1595
752 601 919 664 Henricus
943 600 991 663 IV
1016 601 1058 663 ad
1082 599 1329 701 reli-⁰¹0¹,ssssglffl

51 704 162 783 gionem
186 701 382 766 catholicam
407 722 598 779 conversus,
624 698 794 784 absolutus
819 698 891 763 fuit.
927 698 992 762 Hic
1016 708 1155 761 eventus

50 802 150 863 summi
174 801 242 864 tuit
265 801 440 878 momenti3
474 820 550 861 nam
582 820 623 860 ex
648 785 703 860 illo
728 807 876 880 tempore
901 794 1157 859 Catholicisruus

50 898 75 959 in
87 896 187 962 Gallia
203 899 338 962 omnino
355 897 505 959 firmatus
518 906 576 976 est,
602 894 718 978 religio
736 893 867 957 saeculo
884 894 1157 978 decimoseptimo

48 995 84 1057 ibi
106 994 211 1058 floruit
227 998 309 1058 miro
326 1017 400 1059 cum
419 993 604 1078 splendore,
630 1005 729 1077 atque
747 994 866 1055 iterum
880 990 991 1055 Gallia
1006 1002 1158 1055 centrum

47 1093 194 1176 quoddam
228 1095 303 1174 fuit,
337 1095 371 1156 in
401 1115 465 1178 quo
487 1094 605 1177 ¹pictas
631 1100 664 1154 et
690 1090 888 1175 disciplinae
915 1089 1158 1154 ecclesiasticae

47 1191 187 1273 singulari
221 1192 319 1255 modo
352 1191 555 1254 colebantur.
593 1227 635 1236 —
671 1190 710 1252 In
742 1186 924 1252 Germania
963 1189 1089 1272 incepit
1119 1208 1157 1249 eo

45 1298 174 1374 tempore
207 1289 442 1353 Ferdinandus
474 1288 638 1352 archidux
666 1288 833 1368 Austriae,
871 1289 924 1372 qui
958 1285 1053 1348 brevi
1084 1294 1158 1369 post

44 1387 96 1448 fuit
117 1387 347 1451 Fordinandus
372 1387 403 1450 Π
433 1387 627 1470 Imperator,
659 1388 692 1449 in
717 1388 891 1449 territoriis
915 1385 984 1448 suis
1008 1383 1155 1447 haeredi-

43 1486 121 1548 tariis
144 1485 307 1549 haeresim
333 1486 511 1568 reprimere
536 1495 568 1547 et
590 1483 784 1567 religionem
809 1483 1007 1547 catholicam
1031 1494 1153 1544 restau-

43 1605 110 1664 rare,
141 1606 179 1648 ac
203 1593 318 1669 postea
342 1605 409 1646 una
434 1605 509 1646 cum
535 1581 764 1646 Maximiliano
790 1583 920 1645 Bavaro
948 1602 1016 1644 rem
1042 1579 1151 1643 catho-

43 1669 126 1750 licam
149 1683 183 1745 in
201 1691 270 1745 tota
287 1679 478 1759 Germania,
504 1691 666 1765 quantum
690 1682 806 1765 potuit,
832 1680 1006 1764 promovit.
1022 1716 1065 1724 -
1081 1676 1151 1742 sub

44 1776 197 1843 Clemente
230 1780 318 1843 VIII
356 1780 455 1842 etiam
492 1779 602 1842 studia
639 1777 824 1860 theologica
854 1785 1078 1862 pervenerunt
1107 1775 1150 1840 ad

42 1876 196 1959 fastigium
228 1876 429 1963 splendoris,
464 1875 595 1961 qualem
624 1876 824 1960 jamdudum
856 1896 921 1938 non
955 1873 1151 1938 habuerant.

42 1973 73 2035 Id
84 1975 176 2038 facile
201 1975 280 2038 inde
305 1974 449 2058 colliges,
474 1974 563 2059 quod
580 1996 618 2036 ea
635 1984 742 2037 aetate
766 1973 886 2036 summi
911 1971 957 2035 illi
974 1973 1035 2033 viri
1062 1970 1151 2034 docti

41 2071 200 2156 baronius,
219 2072 453 2155 Bellarminus,
479 2072 663 2152 Suaresins,
679 2072 898 2156 Vasquesius,
923 2093 963 2133 ac
980 2068 1073 2133 multi
1094 2069 1150 2131 alii

40 2168 221 2235 floruerunt.
270 2169 506 2233 Controversia
531 2170 571 2233 de
596 2170 749 2234 libertate
774 2179 807 2232 et
828 2171 946 2251 gratia,
971 2189 1056 2252 quae
1074 2169 1160 2231 inter

41 2265 227 2333 Societatem
241 2269 322 2333 Jesu
348 2278 381 2332 et
404 2270 645 2352 Dominicanos
671 2290 791 2352 magno
818 2271 931 2352 vigore
955 2268 1088 2345 exarsit,
1114 2267 1160 2329 ita

39 2379 69 2428 ut
90 2369 266 2452 peculiaris
292 2360 512 2451 Congregatio
539 2368 577 2430 de
601 2366 746 2430 Aemiliis
770 2365 812 2428 ad
837 2388 910 2429 eam
935 2364 1158 2429 dirimendam

39 2465 265 2543 institueretur,
291 2466 423 2549 signum
449 2465 617 2550 quoddam
643 2476 692 2528 est
707 2465 796 2529 illius
818 2464 954 2546 ardoris,
980 2483 1044 2546 quo
1061 2463 1158 2547 quae-

39 2565 151 2628 stiones
177 2562 364 2645 theologiae
388 2565 607 2646 gravissimae
639 2562 916 2628 discutiebantur.
965 2561 1054 2623 Dum
1080 2581 1159 2624 vero

39 2661 142 2746 religio
169 2659 335 2726 catholica
360 2661 393 2723 in
411 2661 567 2745 Europae
590 2662 701 2745 regnis
726 2663 845 2724 iterum
867 2658 1016 2736 florebat,
1042 2657 1159 2721 eadem

37 2758 65 2827 in
88 2759 215 2832 dissitis
229 2757 330 2821 Asiae
355 2757 548 2821 nationibus
572 2759 678 2841 magis
704 2759 876 2842 magisque
900 2754 1157 2842 propagabatur.

116 2858 169 2923 25.
214 2855 327 2935 Quum
351 2857 454 2939 igitur
478 2856 648 2919 saeculum
675 2856 976 2919 decimumsextum
1001 2854 1159 2938 auspiciis

35 2955 110 3018 adeo
144 2953 298 3018 tristibus
333 2955 520 3038 incepisset,
555 2964 588 3017 et
617 2977 694 3017 mox
719 2955 883 3018 acerrima
916 2950 1159 3015 haeresiarcha-

34 3073 99 3114 rum
125 3052 303 3116 exarderet
338 3074 451 3136 pugna
490 3061 522 3115 et
559 3054 699 3115 societas
733 3052 896 3115 catholica
926 3052 959 3113 in
992 3070 1159 3112 summum

33 3148 209 3213 discrimen
244 3159 432 3229 vocaretur,
476 3148 689 3213 illucescente
721 3149 852 3213 saeculo
887 3149 1158 3231 decimoseptimo
1234 3203 1239 3213 .

34 3245 182 3312 Ecclesia
202 3248 274 3332 jam
299 3249 412 3331 purior
436 3258 536 3330 atque
561 3249 710 3330 vegetior
738 3271 780 3310 ex
804 3247 960 3310 maximis
985 3238 1158 3308 difficulta-

33 3343 117 3408 tibus
143 3354 334 3409 emerserat.
382 3345 492 3408 Ferox
518 3344 597 3408 illud
616 3345 755 3409 Lutheri
781 3346 953 3409 morientis
978 3342 1167 3407 oraculum:

34 3442 158 3522 ,Pestis
185 3463 275 3505 eram
301 3445 431 3520 vivens,
467 3445 611 3506 moriens
635 3465 689 3506 ero
715 3465 804 3507 mors
835 3454 903 3523 tua,
937 3443 1062 3526 Papa“,
1094 3441 1167 3525 jam

33 3540 150 3603 effectu
175 3540 359 3624 apparebat
382 3540 465 3630 nihil
490 3540 582 3604 aliud
606 3541 718 3621 fuisse,
754 3543 818 3605 nisi
843 3539 1166 3626 pseudo-prophetae

32 3635 171 3723 impium
213 3637 378 3703 delirium.
433 3639 608 3722 Repressio
648 3638 793 3702 haeresis
825 3649 858 3703 et
887 3639 1094 3723 regeneratio
1127 3659 1167 3700 ac

32 3739 228 3800 restauratio
255 3734 483 3800 Catholicismi
516 3737 605 3801 felici
630 3759 785 3800 successu
816 3735 1102 3823 progrediebatur,
1135 3744 1169 3798 et

32 3834 246 3919 subsequenti
271 3835 370 3897 etiam
402 3845 550 3919 tempore
574 3837 766 3898 continuata
798 3845 856 3901 est.
904 3835 1014 3919 Hujus
1047 3842 1158 3896 autem

32 3933 280 3995 restaurationis
307 3931 561 3996 fundamentum
587 3955 625 3996 ac
649 3932 723 3995 fons
747 3933 819 4012 fuit,
845 3934 893 3995 uti
907 3931 1064 4001 vidimus,
1083 3929 1159 3995 Coa-

33 4028 138 4092 cu'la'am
167 4030 398 4106 Tridentiaum,
433 4052 472 4092 ac
502 4032 617 4093 merito
643 4029 871 4094 Pallavicinus
900 4030 1068 4094 mediante
1092 4051 1159 4092 sae-

34 4126 104 4190 culo
138 4128 412 4212 decimoseptimo
445 4126 631 4192 scribebat:
673 4127 849 4210 ,Haeresis
874 4149 1066 4211 progressus
1089 4136 1158 4190 tam

35 4223 196 4289 immanes
221 4237 298 4288 ante
323 4225 510 4299 Concilium
536 4226 677 4305 fuerant,
713 4236 748 4288 ut
779 4235 956 4309 perpetuas
981 4223 1102 4288 doloris
1128 4235 1160 4287 et
