2964 4912
319 459 372 513 346
398 429 404 452 “
573 456 646 514 xm.
684 457 724 511 oe
743 456 934 510 uestraene
952 455 1023 511 cren
1043 454 1187 510 saturans.

408 600 462 665 36.
503 601 614 681 Quum
655 600 731 664 finis
770 601 947 684 primarius
982 598 1200 663 Comitiorum
1242 621 1283 662 ex
1314 599 1426 681 origine

321 720 433 763 eorum
458 698 567 763 civilis
599 707 684 762 esset
708 707 740 760 et
762 696 935 783 politicus,
970 697 1164 761 convocatio
1190 695 1290 760 fiebat
1311 719 1331 760 a
1352 718 1425 778 rege,

320 819 378 883 per
399 797 533 861 modum
551 797 775 882 permissionis
799 795 841 860 ad
859 794 1002 859 Comitia
1018 794 1183 860 habenda.
1224 796 1316 859 Haec
1331 804 1428 858 tamen

319 897 492 981 permissio
526 916 643 958 revera
678 893 873 958 mandatum
908 903 992 974 erat,
1033 891 1121 956 unde
1157 894 1257 956 etiam
1291 892 1428 956 mandute

318 995 402 1080 repis
426 991 592 1078 praesules
624 1015 657 1056 se
683 990 840 1056 dicebant
864 1000 1089 1075 congregatos.
1137 989 1250 1070 Quum
1275 1011 1430 1054 veronen

319 1100 447 1154 tantum
480 1092 626 1176 episcopi
659 1089 717 1153 sed
742 1089 848 1153 clerus
880 1110 1010 1175 quoque
1040 1088 1175 1152 inferior
1205 1087 1354 1153 subsidia
1381 1086 1430 1150 sol·

319 1177 397 1254 vere
422 1188 572 1270 deberet,
597 1189 696 1252 etiam
723 1209 765 1251 ex
788 1185 851 1250 hoc
875 1186 962 1251 clero
987 1187 1137 1272 deputati
1162 1185 1430 1266 convocabantur,

319 1288 427 1372 iique,
464 1285 559 1350 aliter
590 1296 626 1350 ut
650 1287 684 1349 in
710 1285 846 1370 synodis
870 1284 1120 1366 ecclesiasticis,
1157 1284 1268 1349 iubis
1294 1284 1432 1349 Comitiis

314 1384 370 1470 jus
401 1386 549 1469 suffragii
580 1384 759 1449 habebant.
808 1383 965 1469 Singulae
990 1382 1119 1448 Galliae
1149 1384 1345 1468 provinciae
1372 1382 1432 1444 mit-

318 1483 435 1546 tebant
457 1483 499 1547 ad
526 1481 669 1547 Comitia
692 1484 756 1546 ista
780 1492 922 1568 quatuor
946 1481 1120 1566 deputatos
1144 1483 1179 1544 in
1196 1481 1351 1545 Comitiis
1374 1500 1433 1563 pro-

320 1580 521 1645 vincialibus
545 1579 681 1664 electos,
707 1601 847 1664 quorum
873 1579 937 1643 duo
963 1579 1128 1664 episcopi,
1160 1578 1217 1642 alii
1242 1578 1309 1642 duo
1335 1577 1433 1640 cleriei

319 1686 422 1744 erant.
469 1677 681 1742 Praesidium
715 1679 749 1741 in
774 1676 838 1740 illis
864 1675 1016 1741 Comitiis
1047 1675 1138 1740 haud
1168 1677 1217 1739 uti
1249 1677 1284 1739 in
1310 1674 1434 1759 synodis

319 1774 551 1840 ecclesiasticis
584 1776 716 1861 primati
741 1773 842 1838 alicui
866 1796 909 1837 ex
934 1774 1011 1858 jure
1036 1771 1275 1854 conveniebat,
1312 1771 1371 1836 sed
1397 1769 1433 1834 illi

319 1875 376 1958 qui
401 1875 435 1937 in
459 1875 539 1958 ipsis
556 1872 707 1937 Comitiis
732 1871 923 1955 eligebatur.
964 1869 1128 1950 Quamvis
1152 1880 1264 1934 autem
1290 1893 1335 1934 ex
1351 1870 1434 1934 dictis

319 1971 465 2035 indolem
490 1971 670 2057 quamdam
693 1968 864 2055 politicam
881 1969 1025 2032 Comitia
1049 1967 1212 2032 haberent
1236 1967 1433 2051 similemque

319 2070 608 2154 organisationem,
633 2068 777 2154 plurima
800 2077 912 2132 tamen
927 2067 1099 2132 Ecclesiae
1115 2067 1214 2132 valde
1235 2066 1334 2132 utilia
1357 2087 1433 2152 prae·

319 2169 431 2231 sertim
466 2178 579 2232 contra
602 2167 763 2232 factiones
786 2165 1055 2232 Jansenistarum
1086 2168 1121 2230 in
1145 2164 1209 2229 illis
1237 2165 1331 2229 facta
1355 2175 1433 2242 sunt3

319 2264 499 2329 dolendum
517 2287 594 2329 vero
618 2265 681 2328 fuit
701 2263 789 2350 quod
806 2264 999 2328 Ludovicus
1023 2265 1142 2328 iisdem
1164 2265 1330 2326 niteretur
1344 2263 1433 2340 abuti,

319 2375 356 2427 ut
379 2363 566 2427 firmaretur
589 2362 660 2447 ejus
684 2362 866 2426 dominatio
891 2363 925 2426 in
949 2384 1001 2425 res
1025 2361 1205 2425 Ecclesiae.

409 2462 461 2527 37.
501 2460 646 2524 Ministri
678 2461 760 2545 regii
786 2460 949 2544 imprimis
982 2459 1112 2524 solliciti
1144 2459 1296 2541 fuerunt,
1336 2469 1372 2522 ut
1400 2455 1433 2520 ad

148 2543 243 2634 &vom
254 2544 310 2634 {in
321 2558 464 2623 Comitia
488 2558 751 2622 eerraordiaarsa
775 2559 853 2621 anni
881 2557 964 2622 1681
990 2558 1013 2620 11
1046 2566 1176 2622 tantum
1202 2555 1433 2640 delegarentur,

320 2658 377 2741 qui
407 2658 493 2739 regis
525 2655 676 2719 faverent
699 2655 852 2740 inceptis.
902 2653 1000 2734 Quod
1031 2676 1147 2740 reapse
1179 2655 1332 2738 contigit.
1378 2654 1433 2716 Lit-

318 2755 397 2817 teris
428 2755 517 2816 enim
549 2752 656 2837 sigillo
681 2754 771 2836 regio
801 2754 938 2816 munitis
972 2754 995 2816 ii
1020 2762 1097 2816 sunt
1120 2751 1162 2816 ab
1187 2750 1308 2816 iisdem
1344 2753 1433 2833 desig-

319 2853 405 2932 nati,
439 2873 520 2936 quos
544 2851 668 2914 scirent
690 2852 759 2934 regi
784 2871 851 2913 non
875 2850 1097 2934 refragatores
1130 2871 1217 2931 esse,
1252 2850 1432 2936 propinqui,

318 2949 427 3029 amici,
453 2947 604 3011 homines
627 2947 741 3011 faciles
772 2957 804 3011 et
828 2947 871 3012 ad
895 2947 1091 3033 obsequium
1115 2949 1235 3033 parati.
1283 2949 1432 3012 Jamvero

319 3069 348 3110 a.
375 3046 460 3111 1650
484 3045 526 3110 ab
551 3046 631 3130 ipsis
657 3044 807 3109 Comitiis
831 3057 990 3110 statutum
1015 3056 1101 3128 0101,
1134 3055 1171 3108 nt
1194 3046 1304 3109 omnis
1329 3046 1431 3110 electio

318 3167 403 3230 quae
427 3166 486 3229 per
509 3143 671 3230 ejusmodi
695 3143 820 3232 litteras
844 3145 952 3227 regias
976 3143 1031 3230 (de
1056 3143 1182 3224 0001101)
1207 3144 1432 3228 imponeretur,

317 3242 468 3306 invalida
498 3251 592 3307 esset.
638 3242 813 3305 Praeterea
847 3240 1013 3327 deputatis
1038 3263 1080 3305 ex
1103 3251 1196 3327 parte
1220 3243 1310 3324 regis
1331 3263 1432 3326 procu·

317 3343 401 3404 ratio
426 3339 719 3420 transmittebatur,
744 3362 809 3425 qua
824 3339 997 3404 Pontificio
1020 3350 1094 3404 acta
1113 3339 1184 3424 jam
1208 3347 1245 3402 ut
1270 3340 1431 3423 usurpatio

318 3438 482 3522 quaedam
507 3436 786 3520 designabantur,
822 3446 854 3501 et
878 3435 1045 3522 praesules
1076 3447 1112 3500 ut
1135 3436 1284 3500 remedia
1309 3436 1431 3500 adhibe·

279 3535 287 3549 '
317 3546 392 3598 rent
415 3535 644 3599 monebantur.
684 3534 908 3598 Mandabatur
924 3533 1080 3598 videlicet
1103 3535 1184 3619 ipsis
1212 3534 1274 3615 „de
1291 3547 1431 3599 0011010-

318 3641 428 3718 porter
451 3655 492 3696 en
515 3633 547 3696 la
572 3633 640 3697 dite
666 3631 742 3696 ville
766 3632 807 3696 de
831 3633 925 3696 Paris
1036 3643 1068 3696 et
1098 3632 1132 3696 la
1156 3631 1323 3698 (1011110101
1345 3656 1385 3697 en
1406 3631 1430 3694 la

319 3732 465 3794 manibre
490 3740 654 3794 contenue
679 3729 761 3794 dans
792 3729 825 3793 la
848 3729 1028 3794 resolution
1053 3730 1430 3796 (100(111000000111111000

318 3828 371 3909 (de
395 3850 482 3891 mars
506 3828 602 3891 etde
627 3829 693 3892 mai
711 3829 821 3910 1681),
847 3829 904 3893 des
928 3849 1066 3913 moyens
1089 3829 1130 3892 de
1154 3830 1293 3914 pacifier
1314 3831 1360 3894 les
1380 3827 1428 3891 dif-

317 3925 450 3989 1010100
474 3928 531 4011 (1111
555 3935 644 4007 sont,
676 3925 836 3990 touchant
866 3925 897 3990 la
921 3926 1063 4010 Regale,
1094 3936 1185 3991 entre
1209 3927 1312 3991 Notre
1334 3925 1429 3990 Saint-

318 4024 400 4087 Pere
423 4022 453 4087 le
469 4024 559 4108 Pape
584 4023 684 4088 d'une
707 4033 783 4110 part
805 4034 837 4088 et
852 4025 883 4088 10
900 4025 960 4088 1101
978 4021 1071 4089 110110
1087 4023 1159 4089 Sire
1176 4023 1218 4088 de
1235 4024 1359 4102 l’autre,
1376 4072 1383 4086 .
1401 4071 1427 4085 ..

319 4142 446 4185 comme
470 4123 559 4186 aussi
589 4121 661 4185 leur
692 4122 840 4186 (1011110111
864 4122 986 4206 charge
1017 4133 1049 4186 et
1073 4123 1360 4187 commendement
1382 4141 1427 4182 ex·

317 4220 392 4304 pres
416 4218 620 4303 d¹employer
641 4228 749 4283 toutes
771 4219 819 4283 les
839 4220 930 4283 voies
955 4220 1177 4284 convenables
1200 4242 1286 4306 pour
1308 4222 1427 4304 reparer
