<?xml version="1.0" encoding="UTF-8"?>
<!DOCTYPE html PUBLIC "-//W3C//DTD XHTML 1.0 Transitional//EN"
    "http://www.w3.org/TR/xhtml1/DTD/xhtml1-transitional.dtd">
<html xmlns="http://www.w3.org/1999/xhtml" xml:lang="en" lang="en">
 <head>
  <title>
</title>
<meta http-equiv="Content-Type" content="text/html;charset=utf-8" />
  <meta name='ocr-system' content='tesseract 3.04.00' />
  <meta name='ocr-capabilities' content='ocr_page ocr_carea ocr_par ocr_line ocrx_word'/>
</head>
<body>
  <div class='ocr_page' id='page_1' title='image "./dissertationess03junggoog_0111.png"; bbox 0 0 3288 4900; ppageno 0'>
   <div class='ocr_carea' id='block_1_1' title="bbox 413 503 1271 562">
    <p class='ocr_par' dir='ltr' id='par_1_1' title="bbox 413 503 1271 562">
     <span class='ocr_line' id='line_1_1' title="bbox 413 503 1271 562; baseline 0.006 -6"><span class='ocrx_word' id='word_1_1' title='bbox 413 505 448 556; x_wconf 78' lang='grc'><strong>98</strong></span> <span class='ocrx_word' id='word_1_2' title='bbox 726 503 884 561; x_wconf 85' lang='lat' dir='ltr'>XXXVHI.</span> <span class='ocrx_word' id='word_1_3' title='bbox 910 505 950 560; x_wconf 89' lang='lat' dir='ltr'><strong>De</strong></span> <span class='ocrx_word' id='word_1_4' title='bbox 968 505 1086 560; x_wconf 84' lang='lat' dir='ltr'><strong>Concilio</strong></span> <span class='ocrx_word' id='word_1_5' title='bbox 1104 505 1271 562; x_wconf 81' lang='lat' dir='ltr'>Tridentino.</span> 
     </span>
    </p>
   </div>
   <div class='ocr_carea' id='block_1_2' title="bbox 411 647 1526 2401">
    <p class='ocr_par' dir='ltr' id='par_1_2' title="bbox 413 647 1526 1226">
     <span class='ocr_line' id='line_1_2' title="bbox 415 647 1526 729; baseline 0.003 -17"><span class='ocrx_word' id='word_1_6' title='bbox 415 647 568 729; x_wconf 85' lang='lat' dir='ltr'><strong>Concilii,</strong></span> <span class='ocrx_word' id='word_1_7' title='bbox 599 647 657 711; x_wconf 93' lang='lat' dir='ltr'><strong>ubi</strong></span> <span class='ocrx_word' id='word_1_8' title='bbox 687 647 722 711; x_wconf 90' lang='lat' dir='ltr'><strong>id</strong></span> <span class='ocrx_word' id='word_1_9' title='bbox 753 647 796 710; x_wconf 91' lang='lat' dir='ltr'><strong>ad</strong></span> <span class='ocrx_word' id='word_1_10' title='bbox 820 649 959 714; x_wconf 87' lang='lat' dir='ltr'><strong>vitanda</strong></span> <span class='ocrx_word' id='word_1_11' title='bbox 983 649 1194 714; x_wconf 83' lang='lat' dir='ltr'><strong>incommoda</strong></span> <span class='ocrx_word' id='word_1_12' title='bbox 1218 653 1442 715; x_wconf 85' lang='lat' dir='ltr'><strong>necessarium</strong></span> <span class='ocrx_word' id='word_1_13' title='bbox 1465 675 1526 715; x_wconf 86' lang='lat' dir='ltr'><strong>esse</strong></span> 
     </span>
     <span class='ocr_line' id='line_1_3' title="bbox 414 744 1526 834; baseline 0.002 -24"><span class='ocrx_word' id='word_1_14' title='bbox 414 757 596 827; x_wconf 80' lang='lat' dir='ltr'><strong>censerent,</strong></span> <span class='ocrx_word' id='word_1_15' title='bbox 620 767 660 809; x_wconf 87' lang='lat' dir='ltr'><strong>ac</strong></span> <span class='ocrx_word' id='word_1_16' title='bbox 683 744 807 830; x_wconf 91' lang='lat' dir='ltr'><strong>pluries</strong></span> <span class='ocrx_word' id='word_1_17' title='bbox 832 746 872 810; x_wconf 88' lang='lat' dir='ltr'><strong>de</strong></span> <span class='ocrx_word' id='word_1_18' title='bbox 896 749 957 810; x_wconf 86' lang='lat' dir='ltr'><strong>isto</strong></span> <span class='ocrx_word' id='word_1_19' title='bbox 982 749 1113 832; x_wconf 86' lang='lat' dir='ltr'><strong>negotio</strong></span> <span class='ocrx_word' id='word_1_20' title='bbox 1139 749 1348 834; x_wconf 92' lang='lat' dir='ltr'><strong>interipsum</strong></span> <span class='ocrx_word' id='word_1_21' title='bbox 1365 749 1526 832; x_wconf 83' lang='lat' dir='ltr'><strong>etlegatos</strong></span> 
     </span>
     <span class='ocr_line' id='line_1_4' title="bbox 414 843 1525 930; baseline 0.002 -22"><span class='ocrx_word' id='word_1_22' title='bbox 414 855 524 909; x_wconf 87' lang='lat' dir='ltr'><strong>actum</strong></span> <span class='ocrx_word' id='word_1_23' title='bbox 549 853 613 916; x_wconf 89' lang='lat' dir='ltr'><strong>est;</strong></span> <span class='ocrx_word' id='word_1_24' title='bbox 645 843 703 907; x_wconf 91' lang='lat' dir='ltr'><strong>sed</strong></span> <span class='ocrx_word' id='word_1_25' title='bbox 726 843 821 907; x_wconf 89' lang='lat' dir='ltr'><strong>brevi</strong></span> <span class='ocrx_word' id='word_1_26' title='bbox 845 855 1022 930; x_wconf 79' lang='lat' dir='ltr'><strong>antequam</strong></span> <span class='ocrx_word' id='word_1_27' title='bbox 1054 846 1225 910; x_wconf 79' lang='lat' dir='ltr'><strong>translatio</strong></span> <span class='ocrx_word' id='word_1_28' title='bbox 1249 845 1383 928; x_wconf 89' lang='lat' dir='ltr'><strong>accidit,</strong></span> <span class='ocrx_word' id='word_1_29' title='bbox 1413 847 1525 930; x_wconf 83' lang='lat' dir='ltr'><strong>signifi·</strong></span> 
     </span>
     <span class='ocr_line' id='line_1_5' title="bbox 414 934 1524 1030; baseline 0.004 -24"><span class='ocrx_word' id='word_1_30' title='bbox 414 953 548 1006; x_wconf 86' lang='lat' dir='ltr'><strong>caverat</strong></span> <span class='ocrx_word' id='word_1_31' title='bbox 572 941 689 1025; x_wconf 86' lang='lat' dir='ltr'><strong>legatis</strong></span> <span class='ocrx_word' id='word_1_32' title='bbox 712 951 749 1005; x_wconf 92' lang='lat' dir='ltr'><strong>ut</strong></span> <span class='ocrx_word' id='word_1_33' title='bbox 761 942 912 1006; x_wconf 87' lang='lat' dir='ltr'><strong>Tridenti</strong></span> <span class='ocrx_word' id='word_1_34' title='bbox 938 934 1164 1008; x_wconf 81' lang='lat' dir='ltr'><strong>subsisterent.</strong></span> <span class='ocrx_word' id='word_1_35' title='bbox 1189 943 1352 1030; x_wconf 80' lang='lat' dir='ltr'>Sperabat</span> <span class='ocrx_word' id='word_1_36' title='bbox 1369 945 1524 1010; x_wconf 86' lang='lat' dir='ltr'><strong>videlicet.</strong></span> 
     </span>
     <span class='ocr_line' id='line_1_6' title="bbox 413 1038 1523 1128; baseline 0.003 -25"><span class='ocrx_word' id='word_1_37' title='bbox 413 1041 482 1104; x_wconf 88' lang='lat' dir='ltr'><strong>fore</strong></span> <span class='ocrx_word' id='word_1_38' title='bbox 498 1048 535 1103; x_wconf 94' lang='lat' dir='ltr'><strong>ut</strong></span> <span class='ocrx_word' id='word_1_39' title='bbox 550 1038 644 1103; x_wconf 90' lang='lat' dir='ltr'><strong>brevi</strong></span> <span class='ocrx_word' id='word_1_40' title='bbox 661 1050 809 1125; x_wconf 87' lang='lat' dir='ltr'><strong>tempore</strong></span> <span class='ocrx_word' id='word_1_41' title='bbox 826 1041 980 1124; x_wconf 88' lang='lat' dir='ltr'><strong>Synodus</strong></span> <span class='ocrx_word' id='word_1_42' title='bbox 1004 1041 1045 1105; x_wconf 91' lang='lat' dir='ltr'><strong>ad</strong></span> <span class='ocrx_word' id='word_1_43' title='bbox 1064 1063 1255 1126; x_wconf 84' lang='lat' dir='ltr'><strong>prosperum</strong></span> <span class='ocrx_word' id='word_1_44' title='bbox 1279 1043 1379 1106; x_wconf 91' lang='lat' dir='ltr'><strong>finem</strong></span> <span class='ocrx_word' id='word_1_45' title='bbox 1399 1044 1523 1128; x_wconf 85' lang='lat' dir='ltr'><strong>perduoi</strong></span> 
     </span>
     <span class='ocr_line' id='line_1_7' title="bbox 414 1147 914 1226; baseline 0 -25"><span class='ocrx_word' id='word_1_46' title='bbox 414 1147 532 1223; x_wconf 90' lang='lat' dir='ltr'><strong>posset.</strong></span> <span class='ocrx_word' id='word_1_47' title='bbox 911 1211 914 1226; x_wconf 39' lang='grc' dir='ltr'>Ι</span> 
     </span>
    </p>

    <p class='ocr_par' dir='ltr' id='par_1_3' title="bbox 411 1236 1523 2401">
     <span class='ocr_line' id='line_1_8' title="bbox 502 1236 1523 1324; baseline 0.003 -25"><span class='ocrx_word' id='word_1_48' title='bbox 502 1237 556 1300; x_wconf 84' lang='grc'><strong>48.</strong></span> <span class='ocrx_word' id='word_1_49' title='bbox 603 1236 794 1300; x_wconf 86' lang='lat' dir='ltr'><strong>CarolusV</strong></span> <span class='ocrx_word' id='word_1_50' title='bbox 825 1261 864 1300; x_wconf 89' lang='lat' dir='ltr'><strong>ao</strong></span> <span class='ocrx_word' id='word_1_51' title='bbox 889 1237 1122 1301; x_wconf 84' lang='lat' dir='ltr'><strong>Ferdinandus</strong></span> <span class='ocrx_word' id='word_1_52' title='bbox 1151 1259 1211 1302; x_wconf 89' lang='lat' dir='ltr'><strong>rex</strong></span> <span class='ocrx_word' id='word_1_53' title='bbox 1235 1237 1357 1324; x_wconf 88' lang='lat' dir='ltr'><strong>aliique</strong></span> <span class='ocrx_word' id='word_1_54' title='bbox 1382 1240 1523 1302; x_wconf 89' lang='lat' dir='ltr'><strong>omnibus</strong></span> 
     </span>
     <span class='ocr_line' id='line_1_9' title="bbox 414 1333 1522 1415; baseline 0.004 -18"><span class='ocrx_word' id='word_1_55' title='bbox 414 1333 543 1398; x_wconf 89' lang='lat' dir='ltr'><strong>viribus</strong></span> <span class='ocrx_word' id='word_1_56' title='bbox 567 1334 768 1415; x_wconf 82' lang='lat' dir='ltr'><strong>nitebantur,</strong></span> <span class='ocrx_word' id='word_1_57' title='bbox 794 1345 829 1397; x_wconf 91' lang='lat' dir='ltr'><strong>ut</strong></span> <span class='ocrx_word' id='word_1_58' title='bbox 854 1333 1041 1399; x_wconf 76' lang='lat' dir='ltr'><strong>Concilium</strong></span> <span class='ocrx_word' id='word_1_59' title='bbox 1055 1335 1207 1400; x_wconf 87' lang='lat' dir='ltr'><strong>Tridenti</strong></span> <span class='ocrx_word' id='word_1_60' title='bbox 1232 1347 1427 1403; x_wconf 85' lang='lat' dir='ltr'><strong>remaneret.</strong></span> <span class='ocrx_word' id='word_1_61' title='bbox 1471 1338 1522 1401; x_wconf 92' lang='lat' dir='ltr'><strong>lm·</strong></span> 
     </span>
     <span class='ocr_line' id='line_1_10' title="bbox 412 1433 1521 1520; baseline 0.001 -23"><span class='ocrx_word' id='word_1_62' title='bbox 412 1444 544 1519; x_wconf 90' lang='lat' dir='ltr'><strong>perator</strong></span> <span class='ocrx_word' id='word_1_63' title='bbox 566 1433 677 1497; x_wconf 86' lang='lat' dir='ltr'><strong>adhuc</strong></span> <span class='ocrx_word' id='word_1_64' title='bbox 702 1454 832 1516; x_wconf 85' lang='lat' dir='ltr'><strong>semper</strong></span> <span class='ocrx_word' id='word_1_65' title='bbox 854 1433 990 1497; x_wconf 83' lang='lat' dir='ltr'><strong>fovebat</strong></span> <span class='ocrx_word' id='word_1_66' title='bbox 1020 1455 1122 1518; x_wconf 86' lang='lat' dir='ltr'><strong>spem,</strong></span> <span class='ocrx_word' id='word_1_67' title='bbox 1155 1434 1224 1497; x_wconf 89' lang='lat' dir='ltr'><strong>fore</strong></span> <span class='ocrx_word' id='word_1_68' title='bbox 1248 1445 1283 1496; x_wconf 91' lang='lat' dir='ltr'><strong>ut</strong></span> <span class='ocrx_word' id='word_1_69' title='bbox 1307 1456 1371 1520; x_wconf 91' lang='lat' dir='ltr'><strong>ope</strong></span> <span class='ocrx_word' id='word_1_70' title='bbox 1396 1433 1521 1501; x_wconf 76' lang='lat' dir='ltr'><strong>Consilii</strong></span> 
     </span>
     <span class='ocr_line' id='line_1_11' title="bbox 412 1530 1521 1618; baseline 0 -22"><span class='ocrx_word' id='word_1_71' title='bbox 412 1555 479 1618; x_wconf 88' lang='lat' dir='ltr'><strong>pax</strong></span> <span class='ocrx_word' id='word_1_72' title='bbox 503 1541 602 1618; x_wconf 88' lang='lat' dir='ltr'><strong>atque</strong></span> <span class='ocrx_word' id='word_1_73' title='bbox 627 1531 804 1596; x_wconf 87' lang='lat' dir='ltr'><strong>concordia</strong></span> <span class='ocrx_word' id='word_1_74' title='bbox 827 1531 995 1616; x_wconf 89' lang='lat' dir='ltr'><strong>religionis</strong></span> <span class='ocrx_word' id='word_1_75' title='bbox 1028 1534 1059 1595; x_wconf 93' lang='lat' dir='ltr'><strong>in</strong></span> <span class='ocrx_word' id='word_1_76' title='bbox 1086 1530 1267 1596; x_wconf 82' lang='lat' dir='ltr'><strong>Germania</strong></span> <span class='ocrx_word' id='word_1_77' title='bbox 1298 1534 1521 1612; x_wconf 84' lang='lat' dir='ltr'><strong>restitueretur,</strong></span> 
     </span>
     <span class='ocr_line' id='line_1_12' title="bbox 412 1629 1520 1715; baseline 0 -21"><span class='ocrx_word' id='word_1_78' title='bbox 412 1641 443 1694; x_wconf 91' lang='lat' dir='ltr'><strong>et</strong></span> <span class='ocrx_word' id='word_1_79' title='bbox 467 1631 531 1694; x_wconf 86' lang='lat' dir='ltr'><strong>hac</strong></span> <span class='ocrx_word' id='word_1_80' title='bbox 553 1631 680 1693; x_wconf 91' lang='lat' dir='ltr'><strong>ratione</strong></span> <span class='ocrx_word' id='word_1_81' title='bbox 705 1630 803 1692; x_wconf 88' lang='lat' dir='ltr'><strong>etiam</strong></span> <span class='ocrx_word' id='word_1_82' title='bbox 830 1641 950 1693; x_wconf 89' lang='lat' dir='ltr'><strong>nutans</strong></span> <span class='ocrx_word' id='word_1_83' title='bbox 970 1631 1105 1715; x_wconf 88' lang='lat' dir='ltr'><strong>Imperii</strong></span> <span class='ocrx_word' id='word_1_84' title='bbox 1130 1631 1240 1694; x_wconf 90' lang='lat' dir='ltr'><strong>unitas</strong></span> <span class='ocrx_word' id='word_1_85' title='bbox 1256 1629 1454 1694; x_wconf 87' lang='lat' dir='ltr'><strong>firmaretur.</strong></span> <span class='ocrx_word' id='word_1_86' title='bbox 1481 1632 1520 1694; x_wconf 84' lang='lat' dir='ltr'><strong>Ad</strong></span> 
     </span>
     <span class='ocr_line' id='line_1_13' title="bbox 411 1728 1517 1814; baseline 0.003 -22"><span class='ocrx_word' id='word_1_87' title='bbox 411 1729 504 1792; x_wconf 90' lang='lat' dir='ltr'><strong>hunc</strong></span> <span class='ocrx_word' id='word_1_88' title='bbox 527 1728 627 1792; x_wconf 88' lang='lat' dir='ltr'><strong>linem</strong></span> <span class='ocrx_word' id='word_1_89' title='bbox 651 1739 760 1792; x_wconf 90' lang='lat' dir='ltr'><strong>autem</strong></span> <span class='ocrx_word' id='word_1_90' title='bbox 786 1731 954 1814; x_wconf 92' lang='lat' dir='ltr'><strong>perveniri</strong></span> <span class='ocrx_word' id='word_1_91' title='bbox 979 1752 1043 1792; x_wconf 91' lang='lat' dir='ltr'><strong>non</strong></span> <span class='ocrx_word' id='word_1_92' title='bbox 1069 1751 1164 1814; x_wconf 90' lang='lat' dir='ltr'><strong>posse</strong></span> <span class='ocrx_word' id='word_1_93' title='bbox 1189 1730 1355 1810; x_wconf 86' lang='lat' dir='ltr'><strong>censebat,</strong></span> <span class='ocrx_word' id='word_1_94' title='bbox 1392 1733 1456 1795; x_wconf 91' lang='lat' dir='ltr'><strong>nisi</strong></span> <span class='ocrx_word' id='word_1_95' title='bbox 1479 1731 1517 1812; x_wconf 79' lang='lat' dir='ltr'><strong>Sy·</strong></span> 
     </span>
     <span class='ocr_line' id='line_1_14' title="bbox 412 1825 1517 1912; baseline 0.002 -22"><span class='ocrx_word' id='word_1_96' title='bbox 412 1826 519 1890; x_wconf 90' lang='lat' dir='ltr'><strong>nodus</strong></span> <span class='ocrx_word' id='word_1_97' title='bbox 547 1825 698 1890; x_wconf 85' lang='lat' dir='ltr'><strong>Tridenti</strong></span> <span class='ocrx_word' id='word_1_98' title='bbox 729 1829 986 1891; x_wconf 80' lang='lat' dir='ltr'><strong>continuaretur.</strong></span> <span class='ocrx_word' id='word_1_99' title='bbox 1035 1825 1100 1892; x_wconf 87' lang='lat' dir='ltr'><strong>Sed</strong></span> <span class='ocrx_word' id='word_1_100' title='bbox 1131 1827 1228 1890; x_wconf 89' lang='lat' dir='ltr'><strong>facile</strong></span> <span class='ocrx_word' id='word_1_101' title='bbox 1260 1830 1362 1892; x_wconf 91' lang='lat' dir='ltr'><strong>etiam</strong></span> <span class='ocrx_word' id='word_1_102' title='bbox 1395 1828 1517 1912; x_wconf 87' lang='lat' dir='ltr'><strong>colliges.</strong></span> 
     </span>
     <span class='ocr_line' id='line_1_15' title="bbox 412 1925 1519 2012; baseline 0 -24"><span class='ocrx_word' id='word_1_103' title='bbox 412 1947 470 2011; x_wconf 92' lang='lat' dir='ltr'><strong>pro</strong></span> <span class='ocrx_word' id='word_1_104' title='bbox 495 1947 533 1987; x_wconf 87' lang='lat' dir='ltr'><strong>ea</strong></span> <span class='ocrx_word' id='word_1_105' title='bbox 558 1945 642 2009; x_wconf 90' lang='lat' dir='ltr'><strong>quae</strong></span> <span class='ocrx_word' id='word_1_106' title='bbox 674 1925 883 2010; x_wconf 87' lang='lat' dir='ltr'><strong>principibus</strong></span> <span class='ocrx_word' id='word_1_107' title='bbox 907 1925 987 1988; x_wconf 88' lang='lat' dir='ltr'><strong>solet</strong></span> <span class='ocrx_word' id='word_1_108' title='bbox 1011 1927 1118 1989; x_wconf 87' lang='lat' dir='ltr'><strong>inesse</strong></span> <span class='ocrx_word' id='word_1_109' title='bbox 1143 1925 1338 1989; x_wconf 89' lang='lat' dir='ltr'><strong>dominandi</strong></span> <span class='ocrx_word' id='word_1_110' title='bbox 1369 1927 1519 2012; x_wconf 82' lang='lat' dir='ltr'><strong>cupidine,</strong></span> 
     </span>
     <span class='ocr_line' id='line_1_16' title="bbox 412 2023 1519 2108; baseline -0.002 -22"><span class='ocrx_word' id='word_1_111' title='bbox 412 2025 536 2108; x_wconf 89' lang='lat' dir='ltr'><strong>pariter</strong></span> <span class='ocrx_word' id='word_1_112' title='bbox 568 2023 707 2086; x_wconf 89' lang='lat' dir='ltr'><strong>maximi</strong></span> <span class='ocrx_word' id='word_1_113' title='bbox 741 2025 846 2108; x_wconf 88' lang='lat' dir='ltr'><strong>ipsius</strong></span> <span class='ocrx_word' id='word_1_114' title='bbox 879 2023 1076 2103; x_wconf 86' lang='lat' dir='ltr'><strong>interfuisse,</strong></span> <span class='ocrx_word' id='word_1_115' title='bbox 1110 2031 1146 2086; x_wconf 92' lang='lat' dir='ltr'><strong>ut</strong></span> <span class='ocrx_word' id='word_1_116' title='bbox 1180 2023 1352 2107; x_wconf 85' lang='lat' dir='ltr'><strong>Synodum</strong></span> <span class='ocrx_word' id='word_1_117' title='bbox 1388 2024 1519 2088; x_wconf 84' lang='lat' dir='ltr'><strong>Tridenti</strong></span> 
     </span>
     <span class='ocr_line' id='line_1_17' title="bbox 413 2119 1519 2207; baseline 0 -23"><span class='ocrx_word' id='word_1_118' title='bbox 413 2129 633 2200; x_wconf 87' lang='lat' dir='ltr'><strong>conservaret,</strong></span> <span class='ocrx_word' id='word_1_119' title='bbox 659 2142 723 2205; x_wconf 93' lang='lat' dir='ltr'><strong>quo</strong></span> <span class='ocrx_word' id='word_1_120' title='bbox 749 2121 917 2185; x_wconf 86' lang='lat' dir='ltr'><strong>efficacius</strong></span> <span class='ocrx_word' id='word_1_121' title='bbox 943 2143 1038 2184; x_wconf 90' lang='lat' dir='ltr'><strong>suum</strong></span> <span class='ocrx_word' id='word_1_122' title='bbox 1063 2119 1229 2185; x_wconf 87' lang='lat' dir='ltr'><strong>influxum</strong></span> <span class='ocrx_word' id='word_1_123' title='bbox 1245 2143 1403 2185; x_wconf 88' lang='lat' dir='ltr'><strong>exercere</strong></span> <span class='ocrx_word' id='word_1_124' title='bbox 1419 2131 1519 2207; x_wconf 88' lang='lat' dir='ltr'><strong>posset.</strong></span> 
     </span>
     <span class='ocr_line' id='line_1_18' title="bbox 413 2216 1521 2303; baseline -0.003 -21"><span class='ocrx_word' id='word_1_125' title='bbox 413 2219 467 2282; x_wconf 85' lang='lat' dir='ltr'><strong>Ex</strong></span> <span class='ocrx_word' id='word_1_126' title='bbox 482 2227 576 2302; x_wconf 87' lang='lat' dir='ltr'><strong>parte</strong></span> <span class='ocrx_word' id='word_1_127' title='bbox 591 2216 743 2282; x_wconf 79' lang='lat' dir='ltr'><strong>Caesaris</strong></span> <span class='ocrx_word' id='word_1_128' title='bbox 768 2218 900 2282; x_wconf 91' lang='lat' dir='ltr'><strong>stabant</strong></span> <span class='ocrx_word' id='word_1_129' title='bbox 923 2220 1117 2303; x_wconf 89' lang='lat' dir='ltr'><strong>praesertim</strong></span> <span class='ocrx_word' id='word_1_130' title='bbox 1133 2219 1280 2282; x_wconf 88' lang='lat' dir='ltr'><strong>Pacecus</strong></span> <span class='ocrx_word' id='word_1_131' title='bbox 1297 2228 1330 2281; x_wconf 90' lang='lat' dir='ltr'><strong>et</strong></span> <span class='ocrx_word' id='word_1_132' title='bbox 1344 2219 1521 2283; x_wconf 89' lang='lat' dir='ltr'><strong>Madrucius</strong></span> 
     </span>
     <span class='ocr_line' id='line_1_19' title="bbox 413 2315 1520 2401; baseline -0.005 -20"><span class='ocrx_word' id='word_1_133' title='bbox 413 2315 609 2381; x_wconf 87' lang='lat' dir='ltr'><strong>Cardinales</strong></span> <span class='ocrx_word' id='word_1_134' title='bbox 632 2338 671 2379; x_wconf 90' lang='lat' dir='ltr'><strong>ac</strong></span> <span class='ocrx_word' id='word_1_135' title='bbox 696 2316 879 2399; x_wconf 86' lang='lat' dir='ltr'><strong>Hispaniae</strong></span> <span class='ocrx_word' id='word_1_136' title='bbox 908 2318 1072 2401; x_wconf 80' lang='lat' dir='ltr'><strong>episcopi3</strong></span> <span class='ocrx_word' id='word_1_137' title='bbox 1106 2315 1221 2380; x_wconf 91' lang='lat' dir='ltr'><strong>Carolo</strong></span> <span class='ocrx_word' id='word_1_138' title='bbox 1247 2317 1277 2376; x_wconf 95' lang='lat' dir='ltr'>V</span> <span class='ocrx_word' id='word_1_139' title='bbox 1310 2319 1400 2380; x_wconf 87' lang='lat' dir='ltr'><strong>enim</strong></span> <span class='ocrx_word' id='word_1_140' title='bbox 1425 2319 1474 2380; x_wconf 89' lang='lat' dir='ltr'><strong>isti</strong></span> <span class='ocrx_word' id='word_1_141' title='bbox 1494 2329 1520 2377; x_wconf 87' lang='lat' dir='ltr'><strong>ut</strong></span> 
     </span>
    </p>
   </div>
   <div class='ocr_carea' id='block_1_3' title="bbox 412 2415 1562 2501">
    <p class='ocr_par' dir='ltr' id='par_1_4' title="bbox 412 2415 1562 2501">
     <span class='ocr_line' id='line_1_20' title="bbox 412 2415 1562 2501; baseline -0.002 -23"><span class='ocrx_word' id='word_1_142' title='bbox 412 2415 556 2501; x_wconf 90' lang='lat' dir='ltr'><strong>principi</strong></span> <span class='ocrx_word' id='word_1_143' title='bbox 582 2436 640 2478; x_wconf 92' lang='lat' dir='ltr'><strong>suo</strong></span> <span class='ocrx_word' id='word_1_144' title='bbox 665 2416 811 2477; x_wconf 88' lang='lat' dir='ltr'><strong>maxime</strong></span> <span class='ocrx_word' id='word_1_145' title='bbox 836 2415 983 2478; x_wconf 88' lang='lat' dir='ltr'><strong>devincti</strong></span> <span class='ocrx_word' id='word_1_146' title='bbox 1008 2426 1111 2496; x_wconf 89' lang='lat' dir='ltr'><strong>erant,</strong></span> <span class='ocrx_word' id='word_1_147' title='bbox 1143 2437 1182 2478; x_wconf 89' lang='lat' dir='ltr'><strong>ac</strong></span> <span class='ocrx_word' id='word_1_148' title='bbox 1208 2415 1366 2478; x_wconf 90' lang='lat' dir='ltr'><strong>mandata</strong></span> <span class='ocrx_word' id='word_1_149' title='bbox 1392 2416 1458 2500; x_wconf 87' lang='lat' dir='ltr'><strong>ejus</strong></span> <span class='ocrx_word' id='word_1_150' title='bbox 1479 2437 1520 2476; x_wconf 84' lang='lat' dir='ltr'><strong>ex·</strong></span> <span class='ocrx_word' id='word_1_151' title='bbox 1561 2471 1562 2494; x_wconf 60' lang='lat'><strong>,</strong></span> 
     </span>
    </p>
   </div>
   <div class='ocr_carea' id='block_1_4' title="bbox 412 2504 1521 2677">
    <p class='ocr_par' dir='ltr' id='par_1_5' title="bbox 412 2504 1521 2677">
     <span class='ocr_line' id='line_1_21' title="bbox 412 2504 1521 2598; baseline -0.003 -21"><span class='ocrx_word' id='word_1_152' title='bbox 412 2514 505 2598; x_wconf 90' lang='lat' dir='ltr'><strong>sequi</strong></span> <span class='ocrx_word' id='word_1_153' title='bbox 530 2511 718 2576; x_wconf 85' lang='lat' dir='ltr'><strong>studebant.</strong></span> <span class='ocrx_word' id='word_1_154' title='bbox 766 2511 941 2576; x_wconf 89' lang='lat' dir='ltr'><strong>Caeterum</strong></span> <span class='ocrx_word' id='word_1_155' title='bbox 965 2504 1044 2575; x_wconf 76' lang='lat' dir='ltr'><strong>vero</strong></span> <span class='ocrx_word' id='word_1_156' title='bbox 1068 2513 1130 2575; x_wconf 90' lang='lat' dir='ltr'><strong>viri</strong></span> <span class='ocrx_word' id='word_1_157' title='bbox 1156 2524 1250 2576; x_wconf 90' lang='lat' dir='ltr'><strong>erant</strong></span> <span class='ocrx_word' id='word_1_158' title='bbox 1273 2513 1320 2596; x_wconf 91' lang='lat' dir='ltr'><strong>pii</strong></span> <span class='ocrx_word' id='word_1_159' title='bbox 1349 2534 1389 2576; x_wconf 84' lang='lat' dir='ltr'><strong>ac</strong></span> <span class='ocrx_word' id='word_1_160' title='bbox 1413 2513 1452 2576; x_wconf 89' lang='lat' dir='ltr'><strong>de</strong></span> <span class='ocrx_word' id='word_1_161' title='bbox 1473 2513 1521 2580; x_wconf 86' lang='lat' dir='ltr'><strong>Eo-</strong></span> 
     </span>
     <span class='ocr_line' id='line_1_22' title="bbox 412 2608 1019 2677; baseline -0.008 0"><span class='ocrx_word' id='word_1_162' title='bbox 412 2612 532 2677; x_wconf 88' lang='lat' dir='ltr'><strong>elesiae</strong></span> <span class='ocrx_word' id='word_1_163' title='bbox 557 2608 730 2673; x_wconf 92' lang='lat' dir='ltr'><strong>commodo</strong></span> <span class='ocrx_word' id='word_1_164' title='bbox 754 2608 854 2673; x_wconf 84' lang='lat' dir='ltr'><strong>valde</strong></span> <span class='ocrx_word' id='word_1_165' title='bbox 878 2609 1019 2674; x_wconf 92' lang='lat' dir='ltr'><strong>solliciti.</strong></span> 
     </span>
    </p>
   </div>
   <div class='ocr_carea' id='block_1_5' title="bbox 501 2675 1560 2792">
    <p class='ocr_par' dir='ltr' id='par_1_6' title="bbox 501 2675 1560 2792">
     <span class='ocr_line' id='line_1_23' title="bbox 501 2675 1560 2792; baseline -0.004 -20"><span class='ocrx_word' id='word_1_166' title='bbox 501 2709 555 2775; x_wconf 79' lang='lat'><strong>49.</strong></span> <span class='ocrx_word' id='word_1_167' title='bbox 603 2707 797 2792; x_wconf 89' lang='lat' dir='ltr'><strong>Opportune</strong></span> <span class='ocrx_word' id='word_1_168' title='bbox 828 2708 1054 2772; x_wconf 88' lang='lat' dir='ltr'><strong>Pallavicinus</strong></span> <span class='ocrx_word' id='word_1_169' title='bbox 1086 2708 1195 2792; x_wconf 91' lang='lat' dir='ltr'><strong>quoad</strong></span> <span class='ocrx_word' id='word_1_170' title='bbox 1230 2707 1316 2772; x_wconf 87' lang='lat' dir='ltr'><strong>hanc</strong></span> <span class='ocrx_word' id='word_1_171' title='bbox 1353 2688 1519 2772; x_wconf 82' lang='lat' dir='ltr'><strong>animorum</strong></span> <span class='ocrx_word' id='word_1_172' title='bbox 1559 2675 1560 2680; x_wconf 8' lang='grc' dir='ltr'>ἵ</span> 
     </span>
    </p>
   </div>
   <div class='ocr_carea' id='block_1_6' title="bbox 411 2804 1518 3969">
    <p class='ocr_par' dir='ltr' id='par_1_7' title="bbox 411 2804 1518 3969">
     <span class='ocr_line' id='line_1_24' title="bbox 413 2804 1517 2891; baseline -0.005 -19"><span class='ocrx_word' id='word_1_173' title='bbox 413 2817 446 2872; x_wconf 91' lang='lat' dir='ltr'><strong>et</strong></span> <span class='ocrx_word' id='word_1_174' title='bbox 469 2807 663 2891; x_wconf 87' lang='lat' dir='ltr'><strong>opinionum</strong></span> <span class='ocrx_word' id='word_1_175' title='bbox 694 2805 893 2870; x_wconf 90' lang='lat' dir='ltr'><strong>divisionem</strong></span> <span class='ocrx_word' id='word_1_176' title='bbox 928 2815 1088 2891; x_wconf 89' lang='lat' dir='ltr'><strong>quantum</strong></span> <span class='ocrx_word' id='word_1_177' title='bbox 1113 2805 1156 2869; x_wconf 89' lang='lat' dir='ltr'><strong>ad</strong></span> <span class='ocrx_word' id='word_1_178' title='bbox 1180 2805 1431 2870; x_wconf 85' lang='lat' dir='ltr'><strong>translationem</strong></span> <span class='ocrx_word' id='word_1_179' title='bbox 1455 2804 1517 2869; x_wconf 88' lang='lat' dir='ltr'><strong>Con·</strong></span> 
     </span>
     <span class='ocr_line' id='line_1_25' title="bbox 413 2903 1517 2989; baseline -0.005 -20"><span class='ocrx_word' id='word_1_180' title='bbox 413 2905 482 2970; x_wconf 90' lang='lat' dir='ltr'><strong>cilii</strong></span> <span class='ocrx_word' id='word_1_181' title='bbox 517 2904 600 2968; x_wconf 90' lang='lat' dir='ltr'><strong>haec</strong></span> <span class='ocrx_word' id='word_1_182' title='bbox 633 2903 786 2984; x_wconf 89' lang='lat' dir='ltr'><strong>advertit,</strong></span> <span class='ocrx_word' id='word_1_183' title='bbox 822 2925 906 2989; x_wconf 90' lang='lat' dir='ltr'><strong>quae</strong></span> <span class='ocrx_word' id='word_1_184' title='bbox 939 2904 1013 2966; x_wconf 87' lang='lat' dir='ltr'><strong>aliis</strong></span> <span class='ocrx_word' id='word_1_185' title='bbox 1041 2904 1165 2988; x_wconf 90' lang='lat' dir='ltr'><strong>pariter</strong></span> <span class='ocrx_word' id='word_1_186' title='bbox 1196 2904 1446 2989; x_wconf 91' lang='lat' dir='ltr'><strong>quaestionibus</strong></span> <span class='ocrx_word' id='word_1_187' title='bbox 1466 2914 1517 2965; x_wconf 88' lang='lat' dir='ltr'><strong>tun</strong></span> 
     </span>
     <span class='ocr_line' id='line_1_26' title="bbox 413 3001 1518 3086; baseline -0.005 -19"><span class='ocrx_word' id='word_1_188' title='bbox 413 3003 502 3067; x_wconf 89' lang='lat' dir='ltr'><strong>illius</strong></span> <span class='ocrx_word' id='word_1_189' title='bbox 525 3013 596 3065; x_wconf 91' lang='lat' dir='ltr'><strong>tum</strong></span> <span class='ocrx_word' id='word_1_190' title='bbox 620 3011 750 3065; x_wconf 88' lang='lat' dir='ltr'><strong>nostrae</strong></span> <span class='ocrx_word' id='word_1_191' title='bbox 774 3003 891 3065; x_wconf 89' lang='lat' dir='ltr'><strong>aetatis</strong></span> <span class='ocrx_word' id='word_1_192' title='bbox 916 3023 1059 3086; x_wconf 85' lang='lat' dir='ltr'><strong>congrue</strong></span> <span class='ocrx_word' id='word_1_193' title='bbox 1091 3001 1312 3086; x_wconf 83' lang='lat' dir='ltr'><strong>applicantur.</strong></span> <span class='ocrx_word' id='word_1_194' title='bbox 1362 3003 1518 3085; x_wconf 79' lang='lat' dir='ltr'><strong>„Quicun-</strong></span> 
     </span>
     <span class='ocr_line' id='line_1_27' title="bbox 413 3098 1515 3188; baseline -0.006 -23"><span class='ocrx_word' id='word_1_195' title='bbox 413 3124 488 3188; x_wconf 90' lang='lat' dir='ltr'><strong>que,</strong></span> <span class='ocrx_word' id='word_1_196' title='bbox 520 3103 639 3185; x_wconf 87' lang='lat' dir='ltr'><strong>inquit,</strong></span> <span class='ocrx_word' id='word_1_197' title='bbox 669 3099 753 3163; x_wconf 90' lang='lat' dir='ltr'><strong>haec</strong></span> <span class='ocrx_word' id='word_1_198' title='bbox 777 3099 1030 3163; x_wconf 89' lang='lat' dir='ltr'><strong>Pontificiorum</strong></span> <span class='ocrx_word' id='word_1_199' title='bbox 1055 3098 1360 3184; x_wconf 89' lang='lat' dir='ltr'><strong>Caesareorumque</strong></span> <span class='ocrx_word' id='word_1_200' title='bbox 1386 3111 1461 3164; x_wconf 89' lang='lat' dir='ltr'><strong>vota</strong></span> <span class='ocrx_word' id='word_1_201' title='bbox 1480 3098 1515 3160; x_wconf 81' lang='lat' dir='ltr'><strong>ob·</strong></span> 
     </span>
     <span class='ocr_line' id='line_1_28' title="bbox 414 3192 1513 3282; baseline -0.009 -18"><span class='ocrx_word' id='word_1_202' title='bbox 414 3199 608 3278; x_wconf 89' lang='lat' dir='ltr'><strong>servaverit,</strong></span> <span class='ocrx_word' id='word_1_203' title='bbox 644 3196 877 3282; x_wconf 90' lang='lat' dir='ltr'><strong>adhibitosque</strong></span> <span class='ocrx_word' id='word_1_204' title='bbox 909 3197 950 3261; x_wconf 88' lang='lat' dir='ltr'><strong>ab</strong></span> <span class='ocrx_word' id='word_1_205' title='bbox 987 3208 1126 3282; x_wconf 88' lang='lat' dir='ltr'><strong>utraque</strong></span> <span class='ocrx_word' id='word_1_206' title='bbox 1161 3199 1304 3281; x_wconf 89' lang='lat' dir='ltr'><strong>partium</strong></span> <span class='ocrx_word' id='word_1_207' title='bbox 1337 3209 1470 3262; x_wconf 88' lang='lat' dir='ltr'><strong>conatus</strong></span> <span class='ocrx_word' id='word_1_208' title='bbox 1488 3192 1513 3257; x_wconf 85' lang='lat' dir='ltr'><strong>ad</strong></span> 
     </span>
     <span class='ocr_line' id='line_1_29' title="bbox 415 3291 1511 3381; baseline -0.009 -19"><span class='ocrx_word' id='word_1_209' title='bbox 415 3319 512 3362; x_wconf 89' lang='lat' dir='ltr'><strong>suum</strong></span> <span class='ocrx_word' id='word_1_210' title='bbox 537 3298 740 3381; x_wconf 89' lang='lat' dir='ltr'><strong>propositum</strong></span> <span class='ocrx_word' id='word_1_211' title='bbox 767 3295 1042 3380; x_wconf 89' lang='lat' dir='ltr'><strong>promovendum,</strong></span> <span class='ocrx_word' id='word_1_212' title='bbox 1072 3297 1106 3358; x_wconf 94' lang='lat' dir='ltr'><strong>in</strong></span> <span class='ocrx_word' id='word_1_213' title='bbox 1131 3294 1275 3379; x_wconf 90' lang='lat' dir='ltr'><strong>aliquam</strong></span> <span class='ocrx_word' id='word_1_214' title='bbox 1301 3295 1441 3359; x_wconf 87' lang='lat' dir='ltr'><strong>fortasse</strong></span> <span class='ocrx_word' id='word_1_215' title='bbox 1463 3291 1511 3357; x_wconf 90' lang='lat' dir='ltr'><strong>sini·</strong></span> 
     </span>
     <span class='ocr_line' id='line_1_30' title="bbox 414 3388 1512 3479; baseline -0.007 -20"><span class='ocrx_word' id='word_1_216' title='bbox 414 3405 516 3459; x_wconf 89' lang='lat' dir='ltr'><strong>stram</strong></span> <span class='ocrx_word' id='word_1_217' title='bbox 542 3395 730 3479; x_wconf 89' lang='lat' dir='ltr'><strong>opinionem</strong></span> <span class='ocrx_word' id='word_1_218' title='bbox 757 3396 912 3473; x_wconf 84' lang='lat' dir='ltr'><strong>incurret,</strong></span> <span class='ocrx_word' id='word_1_219' title='bbox 945 3395 1039 3478; x_wconf 90' lang='lat' dir='ltr'><strong>quasi</strong></span> <span class='ocrx_word' id='word_1_220' title='bbox 1064 3393 1181 3456; x_wconf 89' lang='lat' dir='ltr'><strong>saltem</strong></span> <span class='ocrx_word' id='word_1_221' title='bbox 1211 3392 1314 3456; x_wconf 89' lang='lat' dir='ltr'><strong>altera</strong></span> <span class='ocrx_word' id='word_1_222' title='bbox 1338 3416 1433 3457; x_wconf 89' lang='lat' dir='ltr'><strong>suam</strong></span> <span class='ocrx_word' id='word_1_223' title='bbox 1455 3388 1512 3455; x_wconf 89' lang='lat' dir='ltr'><strong>utili·</strong></span> 
     </span>
     <span class='ocr_line' id='line_1_31' title="bbox 414 3490 1512 3575; baseline -0.007 -19"><span class='ocrx_word' id='word_1_224' title='bbox 414 3504 516 3556; x_wconf 90' lang='lat' dir='ltr'><strong>tatem</strong></span> <span class='ocrx_word' id='word_1_225' title='bbox 539 3492 710 3555; x_wconf 82' lang='lat' dir='ltr'><strong>Ecclesiae</strong></span> <span class='ocrx_word' id='word_1_226' title='bbox 741 3491 924 3555; x_wconf 87' lang='lat' dir='ltr'><strong>commodis</strong></span> <span class='ocrx_word' id='word_1_227' title='bbox 955 3490 1181 3571; x_wconf 89' lang='lat' dir='ltr'><strong>antehaberet,</strong></span> <span class='ocrx_word' id='word_1_228' title='bbox 1207 3500 1348 3575; x_wconf 90' lang='lat' dir='ltr'><strong>utraque</strong></span> <span class='ocrx_word' id='word_1_229' title='bbox 1373 3513 1449 3556; x_wconf 88' lang='lat' dir='ltr'><strong>vero</strong></span> <span class='ocrx_word' id='word_1_230' title='bbox 1468 3507 1512 3552; x_wconf 88' lang='lat' dir='ltr'><strong>oon</strong></span> 
     </span>
     <span class='ocr_line' id='line_1_32' title="bbox 415 3588 1512 3673; baseline -0.009 -19"><span class='ocrx_word' id='word_1_231' title='bbox 415 3613 458 3654; x_wconf 85' lang='lat' dir='ltr'><strong>ex</strong></span> <span class='ocrx_word' id='word_1_232' title='bbox 481 3591 686 3673; x_wconf 86' lang='lat' dir='ltr'><strong>ingenuitate</strong></span> <span class='ocrx_word' id='word_1_233' title='bbox 712 3589 907 3671; x_wconf 87' lang='lat' dir='ltr'><strong>christiana,</strong></span> <span class='ocrx_word' id='word_1_234' title='bbox 944 3589 1001 3652; x_wconf 92' lang='lat' dir='ltr'><strong>sed</strong></span> <span class='ocrx_word' id='word_1_235' title='bbox 1038 3609 1082 3651; x_wconf 86' lang='lat' dir='ltr'><strong>ex</strong></span> <span class='ocrx_word' id='word_1_236' title='bbox 1107 3588 1242 3673; x_wconf 89' lang='lat' dir='ltr'><strong>politica</strong></span> <span class='ocrx_word' id='word_1_237' title='bbox 1266 3588 1446 3652; x_wconf 87' lang='lat' dir='ltr'><strong>calliditate</strong></span> <span class='ocrx_word' id='word_1_238' title='bbox 1466 3603 1512 3648; x_wconf 89' lang='lat' dir='ltr'><strong>ren</strong></span> 
     </span>
     <span class='ocr_line' id='line_1_33' title="bbox 414 3687 1513 3773; baseline -0.004 -21"><span class='ocrx_word' id='word_1_239' title='bbox 414 3698 552 3772; x_wconf 86' lang='lat' dir='ltr'><strong>gereret.</strong></span> <span class='ocrx_word' id='word_1_240' title='bbox 576 3687 764 3750; x_wconf 88' lang='lat' dir='ltr'><strong>Meminerit</strong></span> <span class='ocrx_word' id='word_1_241' title='bbox 780 3689 930 3773; x_wconf 92' lang='lat' dir='ltr'><strong>quisquis</strong></span> <span class='ocrx_word' id='word_1_242' title='bbox 954 3689 999 3750; x_wconf 89' lang='lat' dir='ltr'><strong>ita</strong></span> <span class='ocrx_word' id='word_1_243' title='bbox 1017 3709 1128 3750; x_wconf 87' lang='lat' dir='ltr'><strong>secum</strong></span> <span class='ocrx_word' id='word_1_244' title='bbox 1146 3695 1287 3772; x_wconf 87' lang='lat' dir='ltr'><strong>reputat,</strong></span> <span class='ocrx_word' id='word_1_245' title='bbox 1313 3687 1404 3772; x_wconf 93' lang='lat' dir='ltr'><strong>quod</strong></span> <span class='ocrx_word' id='word_1_246' title='bbox 1416 3691 1513 3771; x_wconf 73' lang='lat' dir='ltr'><strong>special</strong></span> 
     </span>
     <span class='ocr_line' id='line_1_34' title="bbox 415 3780 1513 3871; baseline -0.005 -20"><span class='ocrx_word' id='word_1_247' title='bbox 415 3787 458 3851; x_wconf 89' lang='lat' dir='ltr'><strong>ad</strong></span> <span class='ocrx_word' id='word_1_248' title='bbox 481 3787 626 3871; x_wconf 90' lang='lat' dir='ltr'><strong>primum</strong></span> <span class='ocrx_word' id='word_1_249' title='bbox 651 3796 760 3869; x_wconf 90' lang='lat' dir='ltr'><strong>caput,</strong></span> <span class='ocrx_word' id='word_1_250' title='bbox 786 3785 929 3849; x_wconf 89' lang='lat' dir='ltr'><strong>insolens</strong></span> <span class='ocrx_word' id='word_1_251' title='bbox 943 3806 1008 3848; x_wconf 91' lang='lat' dir='ltr'><strong>non</strong></span> <span class='ocrx_word' id='word_1_252' title='bbox 1028 3807 1108 3866; x_wconf 88' lang='lat' dir='ltr'><strong>esse,</strong></span> <span class='ocrx_word' id='word_1_253' title='bbox 1134 3785 1215 3848; x_wconf 91' lang='lat' dir='ltr'><strong>duos</strong></span> <span class='ocrx_word' id='word_1_254' title='bbox 1225 3787 1315 3848; x_wconf 90' lang='lat' dir='ltr'><strong>viros</strong></span> <span class='ocrx_word' id='word_1_255' title='bbox 1327 3780 1513 3870; x_wconf 80' lang='lat' dir='ltr'><strong>quantumvis</strong></span> 
     </span>
     <span class='ocr_line' id='line_1_35' title="bbox 411 3872 1512 3969; baseline -0.009 -23"><span class='ocrx_word' id='word_1_256' title='bbox 411 3872 497 3947; x_wconf 59' lang='lat' dir='ltr'><strong>&#39;recti</strong></span> <span class='ocrx_word' id='word_1_257' title='bbox 522 3893 724 3969; x_wconf 89' lang='lat' dir='ltr'><strong>appetentes,</strong></span> <span class='ocrx_word' id='word_1_258' title='bbox 757 3886 900 3946; x_wconf 85' lang='lat' dir='ltr'><strong>intense</strong></span> <span class='ocrx_word' id='word_1_259' title='bbox 925 3892 1125 3965; x_wconf 85' lang='lat' dir='ltr'><strong>concertare,</strong></span> <span class='ocrx_word' id='word_1_260' title='bbox 1151 3883 1208 3946; x_wconf 88' lang='lat' dir='ltr'><strong>ubi</strong></span> <span class='ocrx_word' id='word_1_261' title='bbox 1232 3882 1309 3946; x_wconf 89' lang='lat' dir='ltr'><strong>finis</strong></span> <span class='ocrx_word' id='word_1_262' title='bbox 1335 3903 1431 3967; x_wconf 89' lang='lat' dir='ltr'><strong>quem</strong></span> <span class='ocrx_word' id='word_1_263' title='bbox 1452 3889 1512 3941; x_wconf 89' lang='lat' dir='ltr'><strong>uter·</strong></span> 
     </span>
    </p>
   </div>
   <div class='ocr_carea' id='block_1_7' title="bbox 416 3975 1511 4067">
    <p class='ocr_par' dir='ltr' id='par_1_8' title="bbox 416 3975 1511 4067">
     <span class='ocr_line' id='line_1_36' title="bbox 416 3975 1511 4067; baseline -0.009 -23"><span class='ocrx_word' id='word_1_264' title='bbox 416 4004 480 4067; x_wconf 88' lang='lat' dir='ltr'><strong>qne</strong></span> <span class='ocrx_word' id='word_1_265' title='bbox 504 3982 647 4046; x_wconf 89' lang='lat' dir='ltr'><strong>intendit</strong></span> <span class='ocrx_word' id='word_1_266' title='bbox 669 3982 792 4067; x_wconf 91' lang='lat' dir='ltr'><strong>probus</strong></span> <span class='ocrx_word' id='word_1_267' title='bbox 816 3993 874 4060; x_wconf 89' lang='lat' dir='ltr'><strong>est,</strong></span> <span class='ocrx_word' id='word_1_268' title='bbox 899 3981 1028 4067; x_wconf 88' lang='lat' dir='ltr'><strong>sibique</strong></span> <span class='ocrx_word' id='word_1_269' title='bbox 1053 4002 1166 4044; x_wconf 91' lang='lat' dir='ltr'><strong>eorum</strong></span> <span class='ocrx_word' id='word_1_270' title='bbox 1190 3979 1332 4066; x_wconf 90' lang='lat' dir='ltr'><strong>quilibet</strong></span> <span class='ocrx_word' id='word_1_271' title='bbox 1355 3975 1511 4065; x_wconf 82' lang='lat' dir='ltr'><strong>persuadet.</strong></span> 
     </span>
    </p>
   </div>
   <div class='ocr_carea' id='block_1_8' title="bbox 415 4075 1558 4165">
    <p class='ocr_par' dir='ltr' id='par_1_9' title="bbox 415 4075 1558 4165">
     <span class='ocr_line' id='line_1_37' title="bbox 415 4075 1558 4165; baseline -0.005 -22"><span class='ocrx_word' id='word_1_272' title='bbox 415 4079 540 4144; x_wconf 90' lang='lat' dir='ltr'><strong>bonum</strong></span> <span class='ocrx_word' id='word_1_273' title='bbox 565 4080 654 4165; x_wconf 92' lang='lat' dir='ltr'><strong>quod</strong></span> <span class='ocrx_word' id='word_1_274' title='bbox 677 4082 747 4165; x_wconf 92' lang='lat' dir='ltr'><strong>ipse</strong></span> <span class='ocrx_word' id='word_1_275' title='bbox 772 4089 943 4164; x_wconf 88' lang='lat' dir='ltr'><strong>promovet</strong></span> <span class='ocrx_word' id='word_1_276' title='bbox 967 4079 1236 4162; x_wconf 84' lang='lat' dir='ltr'><strong>anteponendum</strong></span> <span class='ocrx_word' id='word_1_277' title='bbox 1261 4077 1349 4142; x_wconf 92' lang='lat' dir='ltr'><strong>bono</strong></span> <span class='ocrx_word' id='word_1_278' title='bbox 1365 4075 1511 4163; x_wconf 85' lang='lat' dir='ltr'><strong>quodpro-</strong></span> <span class='ocrx_word' id='word_1_279' title='bbox 1556 4079 1558 4086; x_wconf 82' lang='lat'>&#39;</span> 
     </span>
    </p>
   </div>
   <div class='ocr_carea' id='block_1_9' title="bbox 415 4173 1510 4359">
    <p class='ocr_par' dir='ltr' id='par_1_10' title="bbox 415 4173 1510 4359">
     <span class='ocr_line' id='line_1_38' title="bbox 417 4173 1510 4263; baseline -0.01 -22"><span class='ocrx_word' id='word_1_280' title='bbox 417 4187 569 4241; x_wconf 88' lang='lat' dir='ltr'><strong>movetur</strong></span> <span class='ocrx_word' id='word_1_281' title='bbox 591 4177 633 4241; x_wconf 90' lang='lat' dir='ltr'><strong>ab</strong></span> <span class='ocrx_word' id='word_1_282' title='bbox 647 4177 758 4242; x_wconf 88' lang='lat' dir='ltr'><strong>altero.</strong></span> <span class='ocrx_word' id='word_1_283' title='bbox 791 4177 890 4257; x_wconf 79' lang='lat' dir='ltr'><strong>Quod</strong></span> <span class='ocrx_word' id='word_1_284' title='bbox 913 4186 992 4240; x_wconf 89' lang='lat' dir='ltr'><strong>tunc</strong></span> <span class='ocrx_word' id='word_1_285' title='bbox 1016 4176 1113 4261; x_wconf 91' lang='lat' dir='ltr'><strong>plane</strong></span> <span class='ocrx_word' id='word_1_286' title='bbox 1128 4178 1276 4260; x_wconf 83' lang='lat' dir='ltr'><strong>contigit,</strong></span> <span class='ocrx_word' id='word_1_287' title='bbox 1301 4198 1401 4263; x_wconf 91' lang='lat' dir='ltr'><strong>quum</strong></span> <span class='ocrx_word' id='word_1_288' title='bbox 1415 4173 1510 4237; x_wconf 84' lang='lat' dir='ltr'><strong>Caesar</strong></span> 
     </span>
     <span class='ocr_line' id='line_1_39' title="bbox 415 4265 1507 4359; baseline -0.009 -20"><span class='ocrx_word' id='word_1_289' title='bbox 415 4275 645 4339; x_wconf 87' lang='lat' dir='ltr'><strong>conciliandae</strong></span> <span class='ocrx_word' id='word_1_290' title='bbox 678 4275 889 4359; x_wconf 86' lang='lat' dir='ltr'><strong>Germaniae,</strong></span> <span class='ocrx_word' id='word_1_291' title='bbox 924 4286 956 4338; x_wconf 94' lang='lat' dir='ltr'><strong>et</strong></span> <span class='ocrx_word' id='word_1_292' title='bbox 986 4275 1139 4339; x_wconf 89' lang='lat' dir='ltr'><strong>Pontifex</strong></span> <span class='ocrx_word' id='word_1_293' title='bbox 1175 4274 1318 4338; x_wconf 89' lang='lat' dir='ltr'><strong>arcendo</strong></span> <span class='ocrx_word' id='word_1_294' title='bbox 1354 4265 1507 4337; x_wconf 84' lang='lat' dir='ltr'><strong>schismatis</strong></span> 
     </span>
    </p>
   </div>
   <div class='ocr_carea' id='block_1_10' title="bbox 0 0 1649 4900">
    <p class='ocr_par' dir='ltr' id='par_1_11' title="bbox 0 0 1649 4900">
     <span class='ocr_line' id='line_1_40' title="bbox 0 0 1649 4900; baseline 0 0"><span class='ocrx_word' id='word_1_295' title='bbox 0 0 1649 4900; x_wconf 95' lang='lat' dir='ltr'><strong> </strong></span> 
     </span>
    </p>
   </div>
  </div>
 </body>
</html>
