3288 4900
475 417 527 473 180
790 416 946 472 XXXVIII.
967 416 1006 470 De
1024 415 1144 471 Concilio
1162 415 1329 473 Tridentino.

474 561 592 645 legatis
615 561 723 625 missis
748 582 868 644 magno
899 559 1028 624 fervore
1052 558 1179 644 Synodi
1209 562 1380 644 negotium
1405 583 1593 647 promovere

474 657 611 725 studuit.
650 656 716 722 Sed
742 680 820 722 mox
842 657 996 722 Pontifex
1019 657 1266 740 animadvertit,
1292 657 1326 721 id
1350 659 1440 744 quod
1465 660 1591 744 praede·

474 755 658 820 caesoribus
691 755 858 820 acciderat
889 755 953 826 sibi
987 776 1118 840 quoque
1141 756 1354 839 contingere,
1381 758 1541 820 nimirum
1564 780 1593 820 se

474 866 652 939 autequam
682 876 734 918 res
767 858 904 917 instaret
934 854 1053 935 urgeri*
1074 852 1117 916 ad
1143 851 1328 917 Concilium
1363 856 1516 918 omnium
1548 857 1593 918 sti-

475 953 583 1032 mulis,
614 952 673 1017 sed
695 973 772 1016 cum
796 960 935 1015 ventum
960 961 1044 1015 esset
1067 951 1110 1014 ad
1134 950 1246 1032 limen,
1279 971 1440 1015 novarum
1465 964 1591 1015 cuncta-

472 1052 601 1118 tionum
625 1071 854 1135 novarumque
886 1051 1078 1114 cautionum
1101 1049 1215 1114 fraeno
1238 1052 1393 1115 coerceri.
1417 1087 1461 1097 —
1487 1052 1593 1115 inanis

473 1148 631 1213 videlicet
653 1170 728 1233 spes
751 1156 974 1232 occupaverat
998 1149 1117 1211 iterum
1133 1149 1282 1211 animum
1299 1157 1369 1211 tum
1387 1149 1594 1233 Imperatoris

474 1259 544 1311 tum
575 1244 756 1325 Gallorum,
793 1267 888 1330 posse
910 1245 1141 1309 :Protestantes
1180 1245 1223 1309 ad
1253 1244 1441 1316 Ecclesiam
1473 1247 1593 1327 reduci,

474 1365 579 1429 eoque
619 1345 762 1410 maxime
802 1365 872 1408 esse
902 1343 1065 1407 Concilio
1091 1342 1205 1407 habito
1244 1343 1461 1408 tendendum.
1512 1346 1593 1409 Hine

473 1440 692 1507 Pontificibus
716 1441 992 1526 praecedentibus
1006 1440 1272 1526 reprobrabatur,
1298 1442 1386 1526 quod
1403 1462 1455 1506 res
1473 1465 1592 1506 succes

474 1563 546 1605 sum
572 1562 638 1605 non
662 1538 827 1620 habuerit,
858 1538 1004 1624 talesque
1028 1538 1236 1603 conditiones
1260 1537 1386 1623 Synodi
1419 1541 1461 1603 ad
1490 1544 1594 1605 Prote

474 1648 597 1703 stantes
621 1636 815 1702 alliciendos
840 1637 1119 1722 proponebantur,
1144 1659 1229 1721 quae
1245 1660 1264 1700 a
1280 1638 1443 1701 Pontifice
1467 1639 1594 1704 admitti

474 1758 541 1801 non
573 1745 735 1821 poterant.
782 1734 963 1816 Volabant,
996 1748 1034 1798 ut
1064 1734 1196 1804 decreta
1226 1744 1259 1798 et
1289 1735 1501 1807 definitiones
1534 1739 1591 1823 jan

475 1835 625 1903 confecta
649 1835 683 1897 in
699 1832 833 1917 Synodo
858 1835 977 1896 iterum
1002 1855 1076 1896 cum
1096 1831 1258 1916 theologis
1274 1833 1539 1898 Protestantium
1562 1835 1593 1899 al
1639 1887 1640 1904 ,

388 1987 390 1994 ,
474 1934 633 1996 trutinam
656 1941 865 2012 vocarentur,
890 1942 989 2017 atque
1014 1931 1230 2011 obsistebant,
1256 1953 1298 1996 ne
1321 1931 1479 2017 Synodus
1502 1933 1595 1999 habc-
1637 1965 1638 1968 ¹

473 2040 563 2094 retur
593 2039 629 2092 ut
657 2031 862 2094 continuatio
892 2029 1131 2111 antecedentis,
1164 2031 1259 2114 cujus
1289 2033 1526 2096 auctoritatem
1558 2035 1594 2095 ita
1637 2114 1638 2118 Ἰ

476 2130 622 2192 maxime
646 2127 783 2192 dubiam
807 2127 1002 2193 reddebant„
1639 2171 1640 2210 4

325 2231 449 2271 danistri
567 2226 619 2291 85.
666 2224 758 2290 Misit
783 2228 888 2289 etiam
921 2225 963 2289 ad
995 2228 1222 2290 Protestantes
1256 2226 1390 2289 nuntios
1421 2227 1506 2290 Pius
1544 2228 1594 2305 IV,
1639 2222 1640 2227 ’

308 2294 574 2411 thissilfnfflatque
606 2326 733 2408 ingenti
762 2323 874 2388 labore
908 2322 1177 2388 Commendonus
1215 2334 1248 2386 et
1277 2320 1467 2407 Delphinus
1500 2323 1594 2408 legati
1637 2391 1640 2420 Δ

476 2423 693 2488 Germaniam
719 2431 946 2506 peragrarunt.
993 2421 1059 2487 sed
1083 2421 1249 2507 repulsam
1272 2420 1398 2506 ubique
1423 2422 1466 2485 ab
1491 2422 1595 2487 haere·
1632 2493 1633 2506 χ

474 2525 549 2587 ticis
573 2521 628 2585 vel
650 2521 850 2606 asperiorem
876 2520 929 2584 vel
954 2522 1060 2603 magis
1085 2520 1248 2589 urbanam
1263 2518 1422 2586 habuere.
1471 2519 1501 2584 A
1530 2544 1594 2585 con·
1631 2525 1634 2588 f

475 2630 577 2685 ventu
589 2618 867 2703 Naumburgensi,
885 2622 920 2683 in
937 2641 1001 2704 quo
1017 2641 1139 2702 magna
1156 2620 1344 2704 principum
1357 2617 1594 2683 haereticorum
1631 2609 1633 2646 ⁴

474 2741 550 2804 pars
560 2727 772 2796 convenerat,
789 2719 933 2801 primum
944 2715 1353 2781 litteraePontificishaud
1362 2718 1506 2780 amissae
1516 2728 1593 2794 eunt,

475 2816 564 2902 quod
587 2813 863 2881 inscriberentur:
888 2814 1007 2878 Dilectc'
1021 2813 1099 2898 fila·
1128 2815 1217 2877 Dein
1231 2834 1390 2897 arrogans
1408 2814 1592 2900 hujusmodi

475 2915 590 2978 datum
615 2922 663 2976 est
685 2911 802 2997 legatis
824 2933 1038 2996 responsum:
1071 2914 1248 2996 Principes
1273 2913 1411 2974 minime
1436 2913 1590 2990 dubitare,

474 3014 555 3098 quin
580 3013 709 3076 cunctis
726 3013 760 3074 in
776 3010 968 3074 nationibus
984 3009 1145 3094 degerent
1161 3012 1223 3074 viri
1240 3012 1296 3095 pii,
1322 3011 1378 3095 qui
1396 3021 1589 3095 expeterent,

474 3109 652 3192 Evangelii
675 3108 783 3172 lucem
800 3108 1044 3193 candoremque
1061 3108 1231 3172 doctrinae
1246 3110 1386 3185 restitui,
1411 3109 1589 3194 auferrique

475 3229 596 3292 pravas
620 3204 886 3287 consuetudines,
897 3253 899 3258 -
912 3228 994 3290 quas
1019 3208 1217 3289 oportuisset
1232 3229 1251 3270 a
1268 3206 1434 3270 Pontifioe
1451 3207 1586 3271 Romano

475 3304 512 3368 id
540 3305 699 3388 temporis
729 3303 831 3368 fuisse
862 3304 1007 3369 detersas
1032 3306 1066 3366 in
1090 3303 1282 3387 regionibus
1306 3303 1369 3368 sibi
1394 3305 1581 3389 parentibus.

475 3402 540 3466 Sed
554 3411 667 3486 aperte
680 3403 844 3490 cognosci,
859 3422 1023 3485 quaenam
1035 3401 1176 3465 fuissent
1188 3401 1379 3487 hujusmodi
1397 3403 1584 3467 Pontificum

475 3499 614 3562 consilia
651 3499 935 3564 ad'dominatum
982 3499 1207 3585 utilitatesque
1242 3501 1392 3585 proprias
1429 3522 1586 3565 conversa.

475 3596 604 3660 Idcirco
629 3596 731 3660 fuisse
756 3607 885 3686 coactos
910 3619 965 3661 eos
988 3599 1155 3683 principes
1179 3597 1222 3662 ab
1247 3597 1415 3663 ordinaria
1440 3609 1587 3686 potestate

464 3694 639 3775 secedere,
673 3694 782 3758 lucem
815 3697 999 3780 exquirere,
1031 3718 1215 3781 puramque
1246 3695 1434 3762 doctrinam
1469 3697 1588 3760 haurire

475 3793 519 3856 ab
551 3795 622 3877 ipso
646 3795 712 3857 Dei
737 3794 856 3874 verbo,
890 3796 944 3856 cui
974 3795 1044 3857 sine
1076 3793 1178 3857 dubio
1207 3805 1287 3857 tunc
1311 3793 1528 3858 inhaerebant
1550 3814 1588 3855 se·
1636 3835 1637 3886 ἶ

476 3889 624 3953 cundum
653 3893 795 3974 primam
828 3890 1058 3974 Augustanam
1085 3891 1342 3957 Confessionem.
1392 3893 1489 3972 Quod
1519 3910 1586 3952 voro
1636 3917 1637 3930 2

476 3986 648 4071 spectabat
671 3988 713 4052 ad
738 3999 944 4074 praesentem
969 3990 1167 4052 Nuntiorum
1200 3989 1399 4072 legationem
1432 4001 1465 4054 et
1491 3989 1532 4052 ad
1554 4008 1586 4048 ea

477 4107 560 4169 quae
596 4087 730 4149 nomine
754 4086 895 4150 Romani
918 4086 1094 4150 Pontificis
1132 4086 1175 4150 ab
1215 4089 1296 4172 ipsis
1334 4088 1584 4173 exponebantur,

476 4184 586 4246 visum
609 4182 710 4246 fuisse
734 4184 951 4269 principibus,
982 4184 1070 4247 hanc
1094 4207 1164 4248 esse
1187 4188 1436 4270 responsionem
1458 4183 1585 4248 redden-
