3020 4908
206 598 253 639 cie·

156 672 221 702 mens
236 664 297 703 XIII.

317 453 370 507 398
508 453 594 510 XLII.
632 454 673 508 De
691 458 767 508 statu
785 455 921 509 Ecclesiae
939 471 1008 512 saec.
1027 455 1128 510 decimo
1147 461 1252 513 octavo,

316 597 522 661 Rezzonicus
562 595 749 661 Cardinalis
786 599 973 684 Episcopus
1009 600 1209 682 Paduanus,
1250 609 1348 665 natus
1386 600 1434 664 die

320 696 378 758 17⁰
401 695 514 759 Martii
545 719 574 763 a.
606 696 702 762 1693.
749 697 920 760 Virtutum
951 699 1098 761 omnium
1130 710 1249 763 ornatu
1279 699 1335 762 hic
1358 699 1435 762 Pon·

316 793 400 857 tifex
423 795 563 878 insignis
588 803 674 876 erat,
707 804 738 858 et
762 797 893 859 nonnisi
918 794 1083 859 reluctans
1108 795 1262 860 electioni
1287 819 1368 860 suae
1390 819 1434 860 ac-

316 893 453 977 quievit.
502 889 639 956 Censuit
662 901 773 956 autem
799 891 966 975 Clemens,
991 894 1115 958 tuenda
1138 916 1208 958 esse
1227 894 1306 979 jura
1329 893 1435 956 Eccle-

316 991 384 1053 siae
415 1011 477 1053 nec
500 991 690 1075 principum
714 991 991 1075 postulationibus
1024 990 1110 1056 ultra
1132 992 1255 1056 limites
1289 992 1372 1076 quid
1394 993 1437 1054 in-

316 1086 538 1170 dulgendum3
563 1089 735 1173 speciatim
760 1111 838 1152 vero
856 1090 1055 1154 Societatem
1070 1090 1162 1171 Jesu,
1188 1092 1242 1153 cui
1267 1099 1339 1153 tum
1360 1091 1437 1174 ipse,

315 1195 385 1249 tum
409 1186 560 1250 minister
590 1187 694 1271 ipsius
718 1189 895 1271 primarius
921 1185 1108 1252 Cardinalis
1131 1189 1329 1271 Torregiani
1363 1187 1438 1250 mul-

314 1295 385 1348 tum
409 1283 579 1366 favebant,
605 1294 719 1348 contra
741 1287 1003 1370 persecutionem
1029 1288 1134 1370 magis
1153 1287 1327 1370 magisque
1345 1284 1436 1347 vehe-

315 1391 460 1445 mentem
494 1381 671 1445 defendere
704 1385 796 1446 nisus
819 1393 887 1449 est.
946 1384 1012 1449 Sed
1049 1385 1203 1469 quamvis
1236 1382 1438 1446 irruentibus

314 1479 471 1544 fluctibus
488 1480 643 1544 Pontifex
662 1481 851 1566 intrepidus
869 1504 990 1566 magna
1014 1505 1048 1545 se
1065 1482 1224 1568 objiceret
1241 1483 1436 1560 constantia,

308 1578 381 1662 jam
405 1599 453 1660 ec,
479 1588 630 1642 currente
654 1587 811 1663 tempore,
835 1602 887 1643 res
902 1589 1109 1664 pervenerat,
1134 1589 1170 1643 ut
1193 1602 1342 1643 summas
1359 1577 1437 1642 cala·

314 1677 444 1739 mitatcs
477 1675 548 1761 ejus
580 1677 686 1740 virtus
719 1676 886 1741 retardare
920 1678 1054 1763 quidem
1087 1677 1347 1763 aliquantisper,
1384 1675 1437 1740 sed

313 1773 467 1838 cohibere
503 1795 569 1836 non
608 1784 729 1858 posset.
784 1775 890 1840 Simul
926 1797 1004 1840 vero
1042 1777 1208 1840 continuis
1247 1777 1437 1860 principum

314 1873 447 1936 offensis
471 1871 609 1954 indigno
634 1871 732 1957 plane
757 1873 854 1937 modo
879 1873 1036 1938 Pontifex
1060 1885 1200 1938 vexatus
1224 1872 1298 1938 fuit.

401 1971 454 2036 27.
495 1969 607 2050 Quum
623 1968 727 2052 Corsi,
752 1969 881 2056 abjecto
898 1971 1114 2056 Reipublicae
1132 1972 1324 2036 Genuensis
1344 1971 1434 2056 jugo,

312 2091 347 2132 se
370 2068 412 2132 ab
438 2091 476 2132 ea
501 2069 762 2153 independentes
787 2071 1051 2152 constituissent,
1077 2091 1256 2154 eorumque
1282 2069 1355 2131 dux
1378 2070 1434 2131 Pa-

312 2165 433 2230 schalis
447 2165 540 2230 Paoli
564 2188 584 2228 a
600 2166 761 2230 Pontifice
785 2169 934 2252 petiisset
957 2170 1151 2254 episcopum
1175 2177 1340 2252 tanquam
1365 2168 1436 2229 visi-

311 2275 449 2329 tatorem
473 2263 720 2349 Apostolicum,
745 2267 801 2350 qui
826 2265 983 2330 ecclesias
1008 2267 1135 2330 insulae
1161 2267 1331 2345 visitaret,
1359 2266 1434 2348 cpis-

312 2371 449 2446 copatus
482 2361 665 2426 rectoribus
701 2362 873 2427 destitutos
908 2363 1155 2428 administraret
1189 2372 1222 2426 et
1256 2361 1435 2425 monachos

310 2460 512 2542 reformaret,
539 2459 691 2524 Clemens
707 2461 803 2542 XIII,
829 2470 962 2524 senatus
978 2461 1164 2526 Genuensis
1188 2461 1312 2524 frustra
1332 2460 1434 2544 requi-

312 2560 373 2624 sito
398 2580 570 2640 consensU,
596 2560 788 2643 episcopum
803 2560 984 2624 visitatoris
998 2559 1182 2644 Apostolici
1204 2581 1344 2622 munere
1368 2558 1435 2621 fun·

312 2665 445 2740 gentem
476 2657 510 2718 in
535 2653 705 2719 Corsicam
729 2655 908 2741 ablegavit.
956 2658 1051 2721 Tunc
1075 2655 1271 2728 Cannenses
1303 2654 1436 2741 publico

313 2754 443 2818 decreto
467 2755 653 2838 praemium
678 2756 920 2818 constituerunt
944 2755 1007 2819 illis
1040 2757 1096 2841 qui
1121 2757 1317 2840 episcopum
1344 2756 1435 2816 inter·

313 2854 462 2937 ciperent
484 2850 614 2936 sibique
638 2852 822 2935 traderent3
852 2852 950 2916 simul
975 2853 1057 2917 duas
1081 2875 1185 2917 naves
1208 2855 1438 2916 instruxerunt

313 2971 497 3036 quaecum
521 2951 556 3012 in
580 2950 808 3033 captivitatem
832 2951 1029 3035 redigerent,
1055 2953 1145 3015 irrito
1171 2961 1284 3014 tamen
1305 2959 1434 3028 conatu,

312 3068 390 3111 nam
414 3045 469 3109 ille
503 3045 643 3109 feliciter
666 3047 700 3109 in
726 3045 894 3111 Corsicam
929 3051 1099 3132 pervenit,
1137 3070 1342 3133 munereque
1376 3047 1434 3110 sibi

313 3143 512 3208 demandato
551 3166 610 3227 per
642 3143 752 3229 plures
784 3168 888 3210 annos
926 3146 1060 3211 functus
1093 3157 1152 3212 est.
1205 3147 1366 3210 Pontifex
1398 3144 1436 3208 de

312 3252 444 3306 senatus
469 3241 599 3304 decreto
617 3251 782 3327 tanquam
806 3243 976 3308 Ecclesiae
999 3244 1145 3309 libertati
1169 3253 1202 3308 et
1220 3243 1359 3329 juribus
1383 3265 1434 3327 op·

311 3341 417 3426 posito
441 3341 587 3423 graviter
618 3340 661 3404 ad
686 3351 837 3404 senatum
861 3344 1104 3428 expostulavit,
1139 3345 1197 3429 qui
1220 3353 1336 3406 tamen
1361 3363 1436 3405 non·

312 3439 377 3502 nisi
400 3439 570 3502 visitatore
594 3461 612 3501 e
637 3437 771 3502 Corsica
795 3461 924 3522 egresso
949 3449 1086 3526 pacatus
1111 3451 1170 3506 est.

402 3537 455 3600 28.
502 3535 605 3600 Aliud
628 3538 797 3620 negotium
821 3538 953 3602 facessit
976 3539 1131 3603 Pontifici
1155 3538 1357 3624 JosephusI
1379 3559 1434 3600 rex

312 3634 516 3698 Lusitaniae.
565 3632 733 3713 Quoniam
761 3634 906 3698 Nuntius
929 3636 1141 3721 Apostolicus
1173 3639 1209 3700 in
1241 3635 1318 3700 aula
1344 3634 1433 3718 Ulys-

313 3733 480 3817 siponensi
505 3754 610 3817 aeque
634 3754 673 3795 ac
690 3733 913 3816 Torregianus
937 3735 1113 3818 primarius
1137 3734 1311 3799 Pontificis
1336 3733 1431 3796 admi·

313 3831 416 3892 nister
439 3828 668 3914 expulsionem
684 3830 888 3895 Jesuitarum
912 3831 1132 3917 improbabat,
1157 3855 1218 3896 rex
1242 3855 1261 3894 a
1276 3830 1432 3896 Pontifioe

313 3927 409 4011 petiit
418 3977 426 4008 ,
462 3937 499 3989 ut
531 3928 697 3991 Nuntium
729 3938 902 3992 revocaret
937 3939 968 3993 et
991 3930 1194 4014 Torregiano
1229 3931 1264 3992 in
1297 3927 1432 4013 negotiis

313 4024 507 4088 Lusitaniae
541 4047 608 4088 non
643 4035 797 4092 uteretur.
856 4025 940 4090 Cum
977 4049 1055 4092 vero
1091 4051 1178 4093 anno
1217 4027 1305 4092 1760
1338 4024 1429 4110 legati

313 4122 502 4207 principum
527 4123 747 4207 Ulyssiponae
775 4125 957 4189 residentes
990 4128 1164 4190 occasione
1197 4126 1339 4212 alicujus
1361 4123 1427 4187 festi

313 4218 437 4304 palatia
461 4242 520 4283 sua
544 4220 779 4304 illuminarent,
803 4222 948 4287 Nuntius
965 4245 1042 4288 vero
1067 4225 1163 4309 cujus
1180 4247 1302 4288 munus
1325 4240 1427 4303 aroge
