<?xml version="1.0" encoding="UTF-8"?>
<!DOCTYPE html PUBLIC "-//W3C//DTD XHTML 1.0 Transitional//EN"
    "http://www.w3.org/TR/xhtml1/DTD/xhtml1-transitional.dtd">
<html xmlns="http://www.w3.org/1999/xhtml" xml:lang="en" lang="en">
 <head>
  <title>
</title>
<meta http-equiv="Content-Type" content="text/html;charset=utf-8" />
  <meta name='ocr-system' content='tesseract 3.04.00' />
  <meta name='ocr-capabilities' content='ocr_page ocr_carea ocr_par ocr_line ocrx_word'/>
</head>
<body>
  <div class='ocr_page' id='page_1' title='image "./dissertationess03junggoog_0287.png"; bbox 0 0 3336 4908; ppageno 0'>
   <div class='ocr_carea' id='block_1_1' title="bbox 415 446 1138 504">
    <p class='ocr_par' dir='ltr' id='par_1_1' title="bbox 415 446 1138 504">
     <span class='ocr_line' id='line_1_1' title="bbox 415 446 1138 504; baseline 0.003 -2"><span class='ocrx_word' id='word_1_1' title='bbox 415 448 469 502; x_wconf 75' lang='lat'>274</span> <span class='ocrx_word' id='word_1_2' title='bbox 807 447 864 501; x_wconf 80' lang='lat' dir='ltr'>XL.</span> <span class='ocrx_word' id='word_1_3' title='bbox 900 446 942 501; x_wconf 86' lang='lat' dir='ltr'>De</span> <span class='ocrx_word' id='word_1_4' title='bbox 959 446 1138 504; x_wconf 84' lang='lat' dir='ltr'>Jansenismo.</span> 
     </span>
    </p>
   </div>
   <div class='ocr_carea' id='block_1_2' title="bbox 355 589 1519 1455">
    <p class='ocr_par' dir='ltr' id='par_1_2' title="bbox 355 589 1519 1455">
     <span class='ocr_line' id='line_1_2' title="bbox 416 589 1518 675; baseline 0 -21"><span class='ocrx_word' id='word_1_5' title='bbox 416 602 449 656; x_wconf 92' lang='lat' dir='ltr'>et</span> <span class='ocrx_word' id='word_1_6' title='bbox 471 590 662 656; x_wconf 82' lang='lat' dir='ltr'>Alexandra</span> <span class='ocrx_word' id='word_1_7' title='bbox 687 589 816 675; x_wconf 80' lang='lat' dir='ltr'>Vll“¹).</span> <span class='ocrx_word' id='word_1_8' title='bbox 863 589 966 654; x_wconf 92' lang='lat' dir='ltr'>Plane</span> <span class='ocrx_word' id='word_1_9' title='bbox 998 589 1097 654; x_wconf 84' lang='lat' dir='ltr'>simili</span> <span class='ocrx_word' id='word_1_10' title='bbox 1129 592 1257 654; x_wconf 89' lang='lat' dir='ltr'>ratione</span> <span class='ocrx_word' id='word_1_11' title='bbox 1291 613 1368 655; x_wconf 86' lang='lat' dir='ltr'>suas</span> <span class='ocrx_word' id='word_1_12' title='bbox 1391 591 1518 675; x_wconf 84' lang='lat' dir='ltr'>synodos</span> 
     </span>
     <span class='ocr_line' id='line_1_3' title="bbox 415 687 1518 773; baseline -0.003 -21"><span class='ocrx_word' id='word_1_13' title='bbox 415 697 481 752; x_wconf 89' lang='lat' dir='ltr'>tres</span> <span class='ocrx_word' id='word_1_14' title='bbox 504 688 560 752; x_wconf 86' lang='lat' dir='ltr'>alii</span> <span class='ocrx_word' id='word_1_15' title='bbox 585 687 794 752; x_wconf 91' lang='lat' dir='ltr'>celebrarunt</span> <span class='ocrx_word' id='word_1_16' title='bbox 817 688 985 773; x_wconf 90' lang='lat' dir='ltr'>episcopi;</span> <span class='ocrx_word' id='word_1_17' title='bbox 1011 687 1054 751; x_wconf 95' lang='lat' dir='ltr'>ad</span> <span class='ocrx_word' id='word_1_18' title='bbox 1070 687 1216 772; x_wconf 81' lang='lat' dir='ltr'><strong>synodos</strong></span> <span class='ocrx_word' id='word_1_19' title='bbox 1231 696 1424 752; x_wconf 89' lang='lat' dir='ltr'>tamennon</span> <span class='ocrx_word' id='word_1_20' title='bbox 1439 687 1518 752; x_wconf 88' lang='lat' dir='ltr'>multi</span> 
     </span>
     <span class='ocr_line' id='line_1_4' title="bbox 355 784 1519 875; baseline -0.001 -26"><span class='ocrx_word' id='word_1_21' title='bbox 355 864 360 875; x_wconf 35' lang='grc' dir='ltr'>Ι</span> <span class='ocrx_word' id='word_1_22' title='bbox 416 785 601 849; x_wconf 76' lang='lat' dir='ltr'><strong>sacerdotes</strong></span> <span class='ocrx_word' id='word_1_23' title='bbox 631 787 783 850; x_wconf 89' lang='lat' dir='ltr'>accersiti</span> <span class='ocrx_word' id='word_1_24' title='bbox 814 795 918 851; x_wconf 90' lang='lat' dir='ltr'>erant.</span> <span class='ocrx_word' id='word_1_25' title='bbox 975 785 1074 850; x_wconf 92' lang='lat' dir='ltr'>Unde</span> <span class='ocrx_word' id='word_1_26' title='bbox 1106 785 1219 866; x_wconf 83' lang='lat' dir='ltr'>vides,</span> <span class='ocrx_word' id='word_1_27' title='bbox 1259 784 1332 849; x_wconf 91' lang='lat' dir='ltr'>illos</span> <span class='ocrx_word' id='word_1_28' title='bbox 1364 787 1519 871; x_wconf 89' lang='lat' dir='ltr'>episcopos</span> 
     </span>
     <span class='ocr_line' id='line_1_5' title="bbox 415 882 1518 969; baseline 0 -23"><span class='ocrx_word' id='word_1_29' title='bbox 415 883 550 968; x_wconf 87' lang='lat' dir='ltr'>quidem</span> <span class='ocrx_word' id='word_1_30' title='bbox 583 882 727 968; x_wconf 82' lang='lat' dir='ltr'>aliquam</span> <span class='ocrx_word' id='word_1_31' title='bbox 764 885 1008 968; x_wconf 82' lang='lat' dir='ltr'>reparationem</span> <span class='ocrx_word' id='word_1_32' title='bbox 1048 883 1158 969; x_wconf 91' lang='lat' dir='ltr'>quoad</span> <span class='ocrx_word' id='word_1_33' title='bbox 1191 883 1329 947; x_wconf 86' lang='lat' dir='ltr'>formam</span> <span class='ocrx_word' id='word_1_34' title='bbox 1364 893 1518 947; x_wconf 84' lang='lat' dir='ltr'>externam</span> 
     </span>
     <span class='ocr_line' id='line_1_6' title="bbox 415 980 1519 1067; baseline -0.002 -21"><span class='ocrx_word' id='word_1_35' title='bbox 415 980 536 1046; x_wconf 83' lang='lat' dir='ltr'>Sacrae</span> <span class='ocrx_word' id='word_1_36' title='bbox 560 981 638 1048; x_wconf 89' lang='lat' dir='ltr'>Sedi</span> <span class='ocrx_word' id='word_1_37' title='bbox 663 980 803 1062; x_wconf 79' lang='lat' dir='ltr'>dedisse,</span> <span class='ocrx_word' id='word_1_38' title='bbox 827 982 885 1045; x_wconf 92' lang='lat' dir='ltr'>sed</span> <span class='ocrx_word' id='word_1_39' title='bbox 909 981 1008 1046; x_wconf 92' lang='lat' dir='ltr'>simul</span> <span class='ocrx_word' id='word_1_40' title='bbox 1031 982 1213 1067; x_wconf 87' lang='lat' dir='ltr'>perstitisse</span> <span class='ocrx_word' id='word_1_41' title='bbox 1237 982 1271 1045; x_wconf 96' lang='lat' dir='ltr'>in</span> <span class='ocrx_word' id='word_1_42' title='bbox 1295 980 1388 1045; x_wconf 90' lang='lat' dir='ltr'>falsis</span> <span class='ocrx_word' id='word_1_43' title='bbox 1412 982 1519 1066; x_wconf 91' lang='lat' dir='ltr'>opinio-</span> 
     </span>
     <span class='ocr_line' id='line_1_7' title="bbox 414 1077 1518 1164; baseline -0.002 -22"><span class='ocrx_word' id='word_1_44' title='bbox 414 1077 513 1143; x_wconf 86' lang='lat' dir='ltr'>nibus</span> <span class='ocrx_word' id='word_1_45' title='bbox 537 1081 613 1144; x_wconf 92' lang='lat' dir='ltr'>suis.</span> <span class='ocrx_word' id='word_1_46' title='bbox 650 1078 810 1143; x_wconf 85' lang='lat' dir='ltr'>Canonici</span> <span class='ocrx_word' id='word_1_47' title='bbox 834 1088 946 1144; x_wconf 91' lang='lat' dir='ltr'>autem</span> <span class='ocrx_word' id='word_1_48' title='bbox 965 1078 1110 1164; x_wconf 84' lang='lat' dir='ltr'>Capituli</span> <span class='ocrx_word' id='word_1_49' title='bbox 1134 1079 1295 1143; x_wconf 89' lang='lat' dir='ltr'>dioecesis</span> <span class='ocrx_word' id='word_1_50' title='bbox 1311 1078 1518 1164; x_wconf 82' lang='lat' dir='ltr'>Apamiensis,</span> 
     </span>
     <span class='ocr_line' id='line_1_8' title="bbox 414 1176 1519 1262; baseline -0.004 -22"><span class='ocrx_word' id='word_1_51' title='bbox 414 1199 516 1262; x_wconf 92' lang='lat' dir='ltr'>quum</span> <span class='ocrx_word' id='word_1_52' title='bbox 539 1199 609 1241; x_wconf 91' lang='lat' dir='ltr'>rem</span> <span class='ocrx_word' id='word_1_53' title='bbox 633 1199 700 1242; x_wconf 93' lang='lat' dir='ltr'>non</span> <span class='ocrx_word' id='word_1_54' title='bbox 724 1179 851 1241; x_wconf 88' lang='lat' dir='ltr'>sincere</span> <span class='ocrx_word' id='word_1_55' title='bbox 874 1179 1007 1241; x_wconf 88' lang='lat' dir='ltr'>tractari</span> <span class='ocrx_word' id='word_1_56' title='bbox 1031 1176 1356 1256; x_wconf 89' lang='lat' dir='ltr'>animadvertissent,</span> <span class='ocrx_word' id='word_1_57' title='bbox 1391 1185 1462 1261; x_wconf 94' lang='lat' dir='ltr'>post</span> <span class='ocrx_word' id='word_1_58' title='bbox 1482 1196 1519 1237; x_wconf 89' lang='lat' dir='ltr'>ce-</span> 
     </span>
     <span class='ocr_line' id='line_1_9' title="bbox 413 1274 1518 1360; baseline -0.003 -22"><span class='ocrx_word' id='word_1_59' title='bbox 413 1274 573 1340; x_wconf 88' lang='lat' dir='ltr'>lebratam</span> <span class='ocrx_word' id='word_1_60' title='bbox 597 1275 761 1360; x_wconf 88' lang='lat' dir='ltr'>synodum</span> <span class='ocrx_word' id='word_1_61' title='bbox 786 1277 1055 1360; x_wconf 86' lang='lat' dir='ltr'>protestationem</span> <span class='ocrx_word' id='word_1_62' title='bbox 1080 1274 1260 1360; x_wconf 89' lang='lat' dir='ltr'>quamdam</span> <span class='ocrx_word' id='word_1_63' title='bbox 1292 1274 1518 1359; x_wconf 60' lang='lat' dir='ltr'>deposuerunt</span> 
     </span>
     <span class='ocr_line' id='line_1_10' title="bbox 414 1372 1093 1455; baseline -0.001 -18"><span class='ocrx_word' id='word_1_64' title='bbox 414 1372 472 1437; x_wconf 91' lang='lat' dir='ltr'>sed</span> <span class='ocrx_word' id='word_1_65' title='bbox 496 1374 628 1437; x_wconf 88' lang='lat' dir='ltr'>nonnisi</span> <span class='ocrx_word' id='word_1_66' title='bbox 652 1373 779 1437; x_wconf 89' lang='lat' dir='ltr'>tardius</span> <span class='ocrx_word' id='word_1_67' title='bbox 803 1373 885 1438; x_wconf 88' lang='lat' dir='ltr'>haec</span> <span class='ocrx_word' id='word_1_68' title='bbox 908 1374 1093 1455; x_wconf 61' lang='lat' dir='ltr'>innotuitl)</span> 
     </span>
    </p>
   </div>
   <div class='ocr_carea' id='block_1_3' title="bbox 382 1485 1555 3041">
    <p class='ocr_par' dir='ltr' id='par_1_3' title="bbox 382 1485 1555 3041">
     <span class='ocr_line' id='line_1_11' title="bbox 504 1485 1519 1573; baseline -0.007 -20"><span class='ocrx_word' id='word_1_69' title='bbox 504 1489 558 1554; x_wconf 85' lang='lat'>63.</span> <span class='ocrx_word' id='word_1_70' title='bbox 582 1488 754 1573; x_wconf 88' lang='lat' dir='ltr'>Agebatur</span> <span class='ocrx_word' id='word_1_71' title='bbox 768 1490 902 1553; x_wconf 91' lang='lat' dir='ltr'>interim</span> <span class='ocrx_word' id='word_1_72' title='bbox 919 1489 1043 1553; x_wconf 86' lang='lat' dir='ltr'>Romae</span> <span class='ocrx_word' id='word_1_73' title='bbox 1067 1489 1108 1553; x_wconf 91' lang='lat' dir='ltr'>de</span> <span class='ocrx_word' id='word_1_74' title='bbox 1132 1489 1248 1552; x_wconf 89' lang='lat' dir='ltr'>litteris</span> <span class='ocrx_word' id='word_1_75' title='bbox 1271 1485 1519 1552; x_wconf 88' lang='lat' dir='ltr'>transmittendis</span> 
     </span>
     <span class='ocr_line' id='line_1_12' title="bbox 415 1583 1519 1672; baseline -0.005 -22"><span class='ocrx_word' id='word_1_76' title='bbox 415 1609 434 1650; x_wconf 89' lang='lat' dir='ltr'>a</span> <span class='ocrx_word' id='word_1_77' title='bbox 457 1586 619 1651; x_wconf 90' lang='lat' dir='ltr'>Pontifice</span> <span class='ocrx_word' id='word_1_78' title='bbox 651 1598 792 1672; x_wconf 91' lang='lat' dir='ltr'>quatuor</span> <span class='ocrx_word' id='word_1_79' title='bbox 815 1588 988 1672; x_wconf 89' lang='lat' dir='ltr'>episcopis,</span> <span class='ocrx_word' id='word_1_80' title='bbox 1021 1597 1057 1651; x_wconf 92' lang='lat' dir='ltr'>ut</span> <span class='ocrx_word' id='word_1_81' title='bbox 1079 1586 1304 1652; x_wconf 78' lang='lat' dir='ltr'>reconciliatio</span> <span class='ocrx_word' id='word_1_82' title='bbox 1334 1605 1411 1648; x_wconf 93' lang='lat' dir='ltr'>cum</span> <span class='ocrx_word' id='word_1_83' title='bbox 1434 1583 1519 1648; x_wconf 86' lang='lat' dir='ltr'>Sacra</span> 
     </span>
     <span class='ocr_line' id='line_1_13' title="bbox 414 1681 1518 1770; baseline -0.006 -20"><span class='ocrx_word' id='word_1_84' title='bbox 414 1683 500 1750; x_wconf 83' lang='lat' dir='ltr'>Sede</span> <span class='ocrx_word' id='word_1_85' title='bbox 531 1685 612 1770; x_wconf 91' lang='lat' dir='ltr'>ipsis</span> <span class='ocrx_word' id='word_1_86' title='bbox 635 1685 888 1769; x_wconf 88' lang='lat' dir='ltr'>significaretur.</span> <span class='ocrx_word' id='word_1_87' title='bbox 935 1685 1000 1752; x_wconf 82' lang='lat' dir='ltr'>Sed</span> <span class='ocrx_word' id='word_1_88' title='bbox 1026 1694 1249 1770; x_wconf 85' lang='lat' dir='ltr'>pervenerant</span> <span class='ocrx_word' id='word_1_89' title='bbox 1271 1683 1315 1748; x_wconf 97' lang='lat' dir='ltr'>ad</span> <span class='ocrx_word' id='word_1_90' title='bbox 1338 1681 1518 1746; x_wconf 86' lang='lat' dir='ltr'>Pontificem</span> 
     </span>
     <span class='ocr_line' id='line_1_14' title="bbox 413 1780 1518 1869; baseline -0.005 -23"><span class='ocrx_word' id='word_1_91' title='bbox 413 1793 544 1868; x_wconf 86' lang='lat' dir='ltr'>praeter</span> <span class='ocrx_word' id='word_1_92' title='bbox 556 1783 754 1847; x_wconf 90' lang='lat' dir='ltr'>monitiones</span> <span class='ocrx_word' id='word_1_93' title='bbox 766 1781 892 1868; x_wconf 88' lang='lat' dir='ltr'>aliquot</span> <span class='ocrx_word' id='word_1_94' title='bbox 907 1784 1138 1869; x_wconf 90' lang='lat' dir='ltr'>episcoporum</span> <span class='ocrx_word' id='word_1_95' title='bbox 1154 1780 1311 1866; x_wconf 84' lang='lat' dir='ltr'>(Abelly),</span> <span class='ocrx_word' id='word_1_96' title='bbox 1336 1802 1420 1866; x_wconf 90' lang='lat' dir='ltr'>quas</span> <span class='ocrx_word' id='word_1_97' title='bbox 1436 1799 1518 1862; x_wconf 85' lang='lat' dir='ltr'>supra</span> 
     </span>
     <span class='ocr_line' id='line_1_15' title="bbox 414 1875 1516 1962; baseline -0.006 -18"><span class='ocrx_word' id='word_1_98' title='bbox 414 1881 756 1960; x_wconf 87' lang='lat' dir='ltr'>commemoravimus,</span> <span class='ocrx_word' id='word_1_99' title='bbox 773 1881 873 1944; x_wconf 89' lang='lat' dir='ltr'>etiam</span> <span class='ocrx_word' id='word_1_100' title='bbox 890 1879 956 1944; x_wconf 88' lang='lat' dir='ltr'>alia</span> <span class='ocrx_word' id='word_1_101' title='bbox 972 1881 1107 1962; x_wconf 86' lang='lat' dir='ltr'>indicia,</span> <span class='ocrx_word' id='word_1_102' title='bbox 1132 1881 1388 1944; x_wconf 87' lang='lat' dir='ltr'>submissionem</span> <span class='ocrx_word' id='word_1_103' title='bbox 1405 1875 1516 1941; x_wconf 86' lang='lat' dir='ltr'>illorum</span> 
     </span>
     <span class='ocr_line' id='line_1_16' title="bbox 413 1975 1555 2062; baseline -0.005 -21"><span class='ocrx_word' id='word_1_104' title='bbox 413 1999 480 2042; x_wconf 92' lang='lat' dir='ltr'>non</span> <span class='ocrx_word' id='word_1_105' title='bbox 504 1999 574 2041; x_wconf 89' lang='lat' dir='ltr'>esse</span> <span class='ocrx_word' id='word_1_106' title='bbox 597 1979 771 2041; x_wconf 86' lang='lat' dir='ltr'>sinceram.</span> <span class='ocrx_word' id='word_1_107' title='bbox 817 1977 916 2042; x_wconf 90' lang='lat' dir='ltr'>Unde</span> <span class='ocrx_word' id='word_1_108' title='bbox 940 1977 1093 2042; x_wconf 82' lang='lat' dir='ltr'>Clemens</span> <span class='ocrx_word' id='word_1_109' title='bbox 1117 1978 1292 2041; x_wconf 86' lang='lat' dir='ltr'>mandavit</span> <span class='ocrx_word' id='word_1_110' title='bbox 1314 1975 1439 2039; x_wconf 88' lang='lat' dir='ltr'>Nuntio</span> <span class='ocrx_word' id='word_1_111' title='bbox 1462 1993 1516 2050; x_wconf 82' lang='lat' dir='ltr'>suo,</span> <span class='ocrx_word' id='word_1_112' title='bbox 1554 2055 1555 2062; x_wconf 8' lang='grc' dir='ltr'>ἵ</span> 
     </span>
     <span class='ocr_line' id='line_1_17' title="bbox 413 2069 1515 2161; baseline -0.008 -20"><span class='ocrx_word' id='word_1_113' title='bbox 413 2085 450 2141; x_wconf 89' lang='lat' dir='ltr'>ut</span> <span class='ocrx_word' id='word_1_114' title='bbox 473 2084 626 2140; x_wconf 90' lang='lat' dir='ltr'>accurate</span> <span class='ocrx_word' id='word_1_115' title='bbox 649 2097 719 2139; x_wconf 91' lang='lat' dir='ltr'>rem</span> <span class='ocrx_word' id='word_1_116' title='bbox 743 2077 958 2144; x_wconf 85' lang='lat' dir='ltr'>examinaret.</span> <span class='ocrx_word' id='word_1_117' title='bbox 1003 2075 1070 2140; x_wconf 92' lang='lat' dir='ltr'>Hic</span> <span class='ocrx_word' id='word_1_118' title='bbox 1094 2076 1190 2161; x_wconf 90' lang='lat' dir='ltr'>petiit</span> <span class='ocrx_word' id='word_1_119' title='bbox 1211 2075 1254 2139; x_wconf 90' lang='lat' dir='ltr'>ab</span> <span class='ocrx_word' id='word_1_120' title='bbox 1279 2095 1345 2138; x_wconf 90' lang='lat' dir='ltr'>uno</span> <span class='ocrx_word' id='word_1_121' title='bbox 1375 2095 1418 2136; x_wconf 86' lang='lat' dir='ltr'>ex</span> <span class='ocrx_word' id='word_1_122' title='bbox 1440 2069 1515 2135; x_wconf 85' lang='lat' dir='ltr'>Com·</span> 
     </span>
     <span class='ocr_line' id='line_1_18' title="bbox 413 2169 1553 2260; baseline -0.006 -22"><span class='ocrx_word' id='word_1_123' title='bbox 413 2175 590 2255; x_wconf 86' lang='lat' dir='ltr'>missariis,</span> <span class='ocrx_word' id='word_1_124' title='bbox 627 2172 784 2237; x_wconf 87' lang='lat' dir='ltr'>videlicet</span> <span class='ocrx_word' id='word_1_125' title='bbox 821 2173 864 2236; x_wconf 91' lang='lat' dir='ltr'>ab</span> <span class='ocrx_word' id='word_1_126' title='bbox 902 2175 1057 2258; x_wconf 92' lang='lat' dir='ltr'>episcopo</span> <span class='ocrx_word' id='word_1_127' title='bbox 1098 2171 1334 2238; x_wconf 80' lang='lat' dir='ltr'>Catalaunensi</span> <span class='ocrx_word' id='word_1_128' title='bbox 1373 2169 1514 2254; x_wconf 80' lang='lat' dir='ltr'>(Vialar),</span> <span class='ocrx_word' id='word_1_129' title='bbox 1552 2251 1553 2260; x_wconf 8' lang='grc' dir='ltr'>ἵ</span> 
     </span>
     <span class='ocr_line' id='line_1_19' title="bbox 414 2262 1514 2357; baseline -0.005 -22"><span class='ocrx_word' id='word_1_130' title='bbox 414 2274 470 2357; x_wconf 93' lang='lat' dir='ltr'>qui</span> <span class='ocrx_word' id='word_1_131' title='bbox 495 2271 582 2336; x_wconf 90' lang='lat' dir='ltr'>solus</span> <span class='ocrx_word' id='word_1_132' title='bbox 597 2271 734 2335; x_wconf 89' lang='lat' dir='ltr'>Parisiis</span> <span class='ocrx_word' id='word_1_133' title='bbox 758 2271 873 2335; x_wconf 89' lang='lat' dir='ltr'>aderat</span> <span class='ocrx_word' id='word_1_134' title='bbox 897 2281 929 2335; x_wconf 89' lang='lat' dir='ltr'>et</span> <span class='ocrx_word' id='word_1_135' title='bbox 952 2273 1086 2336; x_wconf 91' lang='lat' dir='ltr'>nomine</span> <span class='ocrx_word' id='word_1_136' title='bbox 1110 2270 1250 2335; x_wconf 88' lang='lat' dir='ltr'>aliorum</span> <span class='ocrx_word' id='word_1_137' title='bbox 1264 2269 1407 2332; x_wconf 90' lang='lat' dir='ltr'>duorum</span> <span class='ocrx_word' id='word_1_138' title='bbox 1424 2262 1514 2349; x_wconf 85' lang='lat' dir='ltr'>(forte)</span> 
     </span>
     <span class='ocr_line' id='line_1_20' title="bbox 413 2367 1514 2455; baseline -0.007 -21"><span class='ocrx_word' id='word_1_139' title='bbox 413 2370 542 2455; x_wconf 85' lang='lat' dir='ltr'>agebat,</span> <span class='ocrx_word' id='word_1_140' title='bbox 575 2378 610 2432; x_wconf 92' lang='lat' dir='ltr'>ut</span> <span class='ocrx_word' id='word_1_141' title='bbox 642 2369 683 2433; x_wconf 90' lang='lat' dir='ltr'>de</span> <span class='ocrx_word' id='word_1_142' title='bbox 715 2369 934 2434; x_wconf 89' lang='lat' dir='ltr'>submissione</span> <span class='ocrx_word' id='word_1_143' title='bbox 958 2371 1188 2455; x_wconf 89' lang='lat' dir='ltr'>episcoporum</span> <span class='ocrx_word' id='word_1_144' title='bbox 1212 2378 1245 2432; x_wconf 92' lang='lat' dir='ltr'>et</span> <span class='ocrx_word' id='word_1_145' title='bbox 1268 2367 1309 2431; x_wconf 97' lang='lat' dir='ltr'>de</span> <span class='ocrx_word' id='word_1_146' title='bbox 1333 2368 1416 2431; x_wconf 89' lang='lat' dir='ltr'>actis</span> <span class='ocrx_word' id='word_1_147' title='bbox 1438 2383 1514 2448; x_wconf 87' lang='lat' dir='ltr'>syno-</span> 
     </span>
     <span class='ocr_line' id='line_1_21' title="bbox 414 2461 1513 2549; baseline -0.011 -17"><span class='ocrx_word' id='word_1_148' title='bbox 414 2467 544 2532; x_wconf 90' lang='lat' dir='ltr'>dalibus</span> <span class='ocrx_word' id='word_1_149' title='bbox 574 2489 687 2532; x_wconf 92' lang='lat' dir='ltr'>eorum</span> <span class='ocrx_word' id='word_1_150' title='bbox 717 2467 863 2532; x_wconf 88' lang='lat' dir='ltr'>referret.</span> <span class='ocrx_word' id='word_1_151' title='bbox 911 2467 977 2549; x_wconf 77' lang='lat' dir='ltr'>Qui</span> <span class='ocrx_word' id='word_1_152' title='bbox 1009 2468 1152 2532; x_wconf 87' lang='lat' dir='ltr'>confecit</span> <span class='ocrx_word' id='word_1_153' title='bbox 1181 2467 1235 2531; x_wconf 91' lang='lat' dir='ltr'>die</span> <span class='ocrx_word' id='word_1_154' title='bbox 1267 2466 1307 2529; x_wconf 78' lang='lat'>4⁰</span> <span class='ocrx_word' id='word_1_155' title='bbox 1337 2461 1513 2530; x_wconf 86' lang='lat' dir='ltr'>Decembris</span> 
     </span>
     <span class='ocr_line' id='line_1_22' title="bbox 382 2559 1512 2656; baseline -0.008 -27"><span class='ocrx_word' id='word_1_156' title='bbox 382 2617 383 2622; x_wconf 31' lang='lat'>1</span> <span class='ocrx_word' id='word_1_157' title='bbox 413 2587 443 2630; x_wconf 91' lang='lat' dir='ltr'>a.</span> <span class='ocrx_word' id='word_1_158' title='bbox 471 2565 556 2630; x_wconf 87' lang='grc'>1668</span> <span class='ocrx_word' id='word_1_159' title='bbox 589 2565 825 2629; x_wconf 90' lang='lat' dir='ltr'>documentum</span> <span class='ocrx_word' id='word_1_160' title='bbox 856 2565 974 2649; x_wconf 87' lang='lat' dir='ltr'>gallice</span> <span class='ocrx_word' id='word_1_161' title='bbox 1005 2567 1245 2656; x_wconf 56' lang='grc' dir='ltr'>(0111611911ωὲ</span> <span class='ocrx_word' id='word_1_162' title='bbox 1279 2565 1314 2628; x_wconf 93' lang='lat' dir='ltr'>in</span> <span class='ocrx_word' id='word_1_163' title='bbox 1338 2585 1403 2648; x_wconf 93' lang='lat' dir='ltr'>quo</span> <span class='ocrx_word' id='word_1_164' title='bbox 1435 2559 1512 2646; x_wconf 84' lang='lat' dir='ltr'>plane</span> 
     </span>
     <span class='ocr_line' id='line_1_23' title="bbox 414 2656 1511 2748; baseline -0.009 -21"><span class='ocrx_word' id='word_1_165' title='bbox 414 2664 577 2728; x_wconf 86' lang='lat' dir='ltr'>sinceram</span> <span class='ocrx_word' id='word_1_166' title='bbox 593 2684 664 2726; x_wconf 88' lang='lat' dir='ltr'>esse</span> <span class='ocrx_word' id='word_1_167' title='bbox 680 2662 933 2727; x_wconf 90' lang='lat' dir='ltr'>submissionem</span> <span class='ocrx_word' id='word_1_168' title='bbox 949 2665 1179 2748; x_wconf 87' lang='lat' dir='ltr'>episcoporum</span> <span class='ocrx_word' id='word_1_169' title='bbox 1194 2661 1393 2741; x_wconf 79' lang='lat' dir='ltr'>testabatur3</span> <span class='ocrx_word' id='word_1_170' title='bbox 1416 2656 1511 2722; x_wconf 88' lang='lat' dir='ltr'>modus</span> 
     </span>
     <span class='ocr_line' id='line_1_24' title="bbox 413 2755 1510 2846; baseline -0.004 -22"><span class='ocrx_word' id='word_1_171' title='bbox 413 2769 525 2824; x_wconf 91' lang='lat' dir='ltr'>tamen</span> <span class='ocrx_word' id='word_1_172' title='bbox 548 2761 706 2846; x_wconf 91' lang='lat' dir='ltr'>loquendi</span> <span class='ocrx_word' id='word_1_173' title='bbox 730 2761 969 2846; x_wconf 90' lang='lat' dir='ltr'>aliquantisper</span> <span class='ocrx_word' id='word_1_174' title='bbox 992 2761 1168 2845; x_wconf 88' lang='lat' dir='ltr'>ambiguus</span> <span class='ocrx_word' id='word_1_175' title='bbox 1199 2771 1258 2825; x_wconf 90' lang='lat' dir='ltr'>est.</span> <span class='ocrx_word' id='word_1_176' title='bbox 1304 2760 1416 2823; x_wconf 89' lang='lat' dir='ltr'>Dicit:</span> <span class='ocrx_word' id='word_1_177' title='bbox 1444 2755 1510 2838; x_wconf 75' lang='lat' dir='ltr'>„Les</span> 
     </span>
     <span class='ocr_line' id='line_1_25' title="bbox 413 2850 1509 2945; baseline -0.009 -22"><span class='ocrx_word' id='word_1_178' title='bbox 413 2855 530 2945; x_wconf 90' lang='lat' dir='ltr'>quatre</span> <span class='ocrx_word' id='word_1_179' title='bbox 553 2861 697 2944; x_wconf 77' lang='lat' dir='ltr'>evdques</span> <span class='ocrx_word' id='word_1_180' title='bbox 720 2869 752 2923; x_wconf 94' lang='lat' dir='ltr'>et</span> <span class='ocrx_word' id='word_1_181' title='bbox 774 2859 821 2924; x_wconf 92' lang='lat' dir='ltr'>les</span> <span class='ocrx_word' id='word_1_182' title='bbox 843 2869 952 2924; x_wconf 88' lang='lat' dir='ltr'>autres</span> <span class='ocrx_word' id='word_1_183' title='bbox 976 2860 1241 2943; x_wconf 78' lang='lat' dir='ltr'>ecclesiastiques</span> <span class='ocrx_word' id='word_1_184' title='bbox 1264 2867 1323 2923; x_wconf 92' lang='lat' dir='ltr'>ont</span> <span class='ocrx_word' id='word_1_185' title='bbox 1354 2859 1408 2942; x_wconf 90' lang='lat' dir='ltr'>agi</span> <span class='ocrx_word' id='word_1_186' title='bbox 1434 2850 1509 2918; x_wconf 89' lang='lat' dir='ltr'>dela</span> 
     </span>
     <span class='ocr_line' id='line_1_26' title="bbox 414 2954 1508 3041; baseline -0.005 -22"><span class='ocrx_word' id='word_1_187' title='bbox 414 2955 583 3020; x_wconf 89' lang='lat' dir='ltr'>meilleure</span> <span class='ocrx_word' id='word_1_188' title='bbox 607 2956 652 3020; x_wconf 91' lang='lat' dir='ltr'>foi</span> <span class='ocrx_word' id='word_1_189' title='bbox 676 2957 721 3020; x_wconf 93' lang='lat' dir='ltr'>du</span> <span class='ocrx_word' id='word_1_190' title='bbox 746 2957 876 3039; x_wconf 84' lang='lat' dir='ltr'>monde,</span> <span class='ocrx_word' id='word_1_191' title='bbox 901 2966 934 3021; x_wconf 90' lang='lat' dir='ltr'>et</span> <span class='ocrx_word' id='word_1_192' title='bbox 956 2960 1049 3022; x_wconf 85' lang='lat' dir='ltr'>n&#39;ont</span> <span class='ocrx_word' id='word_1_193' title='bbox 1072 2959 1278 3021; x_wconf 77' lang='lat' dir='ltr'>assurement</span> <span class='ocrx_word' id='word_1_194' title='bbox 1302 2977 1367 3041; x_wconf 87' lang='lat' dir='ltr'>que</span> <span class='ocrx_word' id='word_1_195' title='bbox 1384 2954 1508 3036; x_wconf 86' lang='lat' dir='ltr'>despen-</span> 
     </span>
    </p>
   </div>
   <div class='ocr_carea' id='block_1_4' title="bbox 317 3051 1508 3140">
    <p class='ocr_par' dir='ltr' id='par_1_4' title="bbox 317 3051 1508 3140">
     <span class='ocr_line' id='line_1_27' title="bbox 317 3051 1508 3140; baseline -0.002 -24"><span class='ocrx_word' id='word_1_196' title='bbox 317 3103 319 3108; x_wconf 68' lang='lat'>,</span> <span class='ocrx_word' id='word_1_197' title='bbox 381 3074 384 3080; x_wconf 85' lang='lat'>·</span> <span class='ocrx_word' id='word_1_198' title='bbox 412 3056 487 3118; x_wconf 72' lang='lat' dir='ltr'>sees</span> <span class='ocrx_word' id='word_1_199' title='bbox 502 3053 579 3118; x_wconf 91' lang='lat' dir='ltr'>d&#39;un</span> <span class='ocrx_word' id='word_1_200' title='bbox 595 3056 778 3139; x_wconf 76' lang='lat' dir='ltr'>tres-grand</span> <span class='ocrx_word' id='word_1_201' title='bbox 794 3055 866 3121; x_wconf 75' lang='lat' dir='ltr'>sele</span> <span class='ocrx_word' id='word_1_202' title='bbox 878 3077 960 3140; x_wconf 88' lang='lat' dir='ltr'>pour</span> <span class='ocrx_word' id='word_1_203' title='bbox 976 3075 1151 3119; x_wconf 88' lang='lat' dir='ltr'>conserver</span> <span class='ocrx_word' id='word_1_204' title='bbox 1166 3054 1198 3118; x_wconf 88' lang='lat' dir='ltr'>la</span> <span class='ocrx_word' id='word_1_205' title='bbox 1213 3053 1258 3117; x_wconf 88' lang='lat' dir='ltr'>foi</span> <span class='ocrx_word' id='word_1_206' title='bbox 1276 3054 1318 3118; x_wconf 91' lang='lat' dir='ltr'>de</span> <span class='ocrx_word' id='word_1_207' title='bbox 1333 3051 1468 3137; x_wconf 83' lang='lat' dir='ltr'>l&#39;Eglise,</span> <span class='ocrx_word' id='word_1_208' title='bbox 1485 3054 1508 3108; x_wconf 77' lang='lat' dir='ltr'>el</span> 
     </span>
    </p>
   </div>
   <div class='ocr_carea' id='block_1_5' title="bbox 412 3143 1507 3828">
    <p class='ocr_par' dir='ltr' id='par_1_5' title="bbox 412 3143 1507 3828">
     <span class='ocr_line' id='line_1_28' title="bbox 413 3143 1507 3238; baseline -0.006 -22"><span class='ocrx_word' id='word_1_209' title='bbox 413 3151 513 3216; x_wconf 87' lang='lat' dir='ltr'>d’une</span> <span class='ocrx_word' id='word_1_210' title='bbox 524 3152 684 3238; x_wconf 81' lang='lat' dir='ltr'>profonda</span> <span class='ocrx_word' id='word_1_211' title='bbox 696 3154 892 3217; x_wconf 91' lang='lat' dir='ltr'>soumission</span> <span class='ocrx_word' id='word_1_212' title='bbox 905 3175 989 3238; x_wconf 90' lang='lat' dir='ltr'>pour</span> <span class='ocrx_word' id='word_1_213' title='bbox 1000 3153 1030 3217; x_wconf 91' lang='lat' dir='ltr'>le</span> <span class='ocrx_word' id='word_1_214' title='bbox 1041 3151 1074 3218; x_wconf 87' lang='lat' dir='ltr'>S.</span> <span class='ocrx_word' id='word_1_215' title='bbox 1086 3152 1192 3237; x_wconf 77' lang='lat' dir='ltr'>Sidge.</span> <span class='ocrx_word' id='word_1_216' title='bbox 1217 3151 1263 3216; x_wconf 90' lang='lat' dir='ltr'>Ils</span> <span class='ocrx_word' id='word_1_217' title='bbox 1276 3160 1334 3214; x_wconf 93' lang='lat' dir='ltr'>ont</span> <span class='ocrx_word' id='word_1_218' title='bbox 1345 3143 1507 3215; x_wconf 73' lang='lat' dir='ltr'>condamni</span> 
     </span>
     <span class='ocr_line' id='line_1_29' title="bbox 412 3250 1506 3337; baseline -0.005 -24"><span class='ocrx_word' id='word_1_219' title='bbox 412 3259 447 3314; x_wconf 91' lang='lat' dir='ltr'>et</span> <span class='ocrx_word' id='word_1_220' title='bbox 476 3250 537 3314; x_wconf 89' lang='lat' dir='ltr'>fait</span> <span class='ocrx_word' id='word_1_221' title='bbox 569 3251 771 3315; x_wconf 81' lang='lat' dir='ltr'>condemner</span> <span class='ocrx_word' id='word_1_222' title='bbox 800 3250 847 3315; x_wconf 91' lang='lat' dir='ltr'>les</span> <span class='ocrx_word' id='word_1_223' title='bbox 875 3252 952 3337; x_wconf 91' lang='lat' dir='ltr'>cinq</span> <span class='ocrx_word' id='word_1_224' title='bbox 983 3252 1203 3337; x_wconf 84' lang='lat' dir='ltr'>propositione</span> <span class='ocrx_word' id='word_1_225' title='bbox 1234 3273 1308 3314; x_wconf 84' lang='lat' dir='ltr'>uoco</span> <span class='ocrx_word' id='word_1_226' title='bbox 1340 3259 1420 3313; x_wconf 81' lang='lat' dir='ltr'>toute</span> <span class='ocrx_word' id='word_1_227' title='bbox 1444 3252 1506 3307; x_wconf 70' lang='lat' dir='ltr'>sorte</span> 
     </span>
     <span class='ocr_line' id='line_1_30' title="bbox 412 3347 1505 3435; baseline -0.006 -24"><span class='ocrx_word' id='word_1_228' title='bbox 412 3348 453 3412; x_wconf 81' lang='lat' dir='ltr'>de</span> <span class='ocrx_word' id='word_1_229' title='bbox 469 3350 623 3423; x_wconf 71' lang='lat' dir='ltr'>siacdritd,</span> <span class='ocrx_word' id='word_1_230' title='bbox 647 3372 722 3413; x_wconf 81' lang='lat' dir='ltr'>saue</span> <span class='ocrx_word' id='word_1_231' title='bbox 742 3351 906 3435; x_wconf 74' lang='lat' dir='ltr'>exception</span> <span class='ocrx_word' id='word_1_232' title='bbox 919 3361 949 3414; x_wconf 87' lang='lat' dir='ltr'>ct</span> <span class='ocrx_word' id='word_1_233' title='bbox 963 3351 1141 3413; x_wconf 79' lang='lat' dir='ltr'>restrictiva</span> <span class='ocrx_word' id='word_1_234' title='bbox 1158 3348 1347 3434; x_wconf 78' lang='lat' dir='ltr'>quodcunque</span> <span class='ocrx_word' id='word_1_235' title='bbox 1363 3347 1439 3410; x_wconf 90' lang='lat' dir='ltr'>dans</span> <span class='ocrx_word' id='word_1_236' title='bbox 1450 3351 1505 3404; x_wconf 87' lang='lat' dir='ltr'>tous</span> 
     </span>
     <span class='ocr_line' id='line_1_31' title="bbox 413 3437 1504 3532; baseline -0.005 -21"><span class='ocrx_word' id='word_1_237' title='bbox 413 3446 460 3511; x_wconf 92' lang='lat' dir='ltr'>les</span> <span class='ocrx_word' id='word_1_238' title='bbox 492 3468 566 3510; x_wconf 87' lang='lat' dir='ltr'>sens</span> <span class='ocrx_word' id='word_1_239' title='bbox 596 3468 660 3531; x_wconf 92' lang='lat' dir='ltr'>que</span> <span class='ocrx_word' id='word_1_240' title='bbox 683 3446 819 3532; x_wconf 84' lang='lat' dir='ltr'>l’Eglise</span> <span class='ocrx_word' id='word_1_241' title='bbox 848 3448 894 3511; x_wconf 92' lang='lat' dir='ltr'>les</span> <span class='ocrx_word' id='word_1_242' title='bbox 917 3471 937 3512; x_wconf 88' lang='lat' dir='ltr'>a</span> <span class='ocrx_word' id='word_1_243' title='bbox 961 3448 1193 3513; x_wconf 79' lang='lat' dir='ltr'>condamndes.</span> <span class='ocrx_word' id='word_1_244' title='bbox 1219 3497 1226 3512; x_wconf 88' lang='lat'><strong>.</strong></span> <span class='ocrx_word' id='word_1_245' title='bbox 1253 3499 1260 3512; x_wconf 92' lang='lat'><strong><em>.</em></strong></span> <span class='ocrx_word' id='word_1_246' title='bbox 1287 3497 1294 3512; x_wconf 93' lang='lat'><strong>.</strong></span> <span class='ocrx_word' id='word_1_247' title='bbox 1319 3446 1364 3510; x_wconf 84' lang='lat' dir='ltr'>Et</span> <span class='ocrx_word' id='word_1_248' title='bbox 1386 3437 1504 3530; x_wconf 65' lang='lat' dir='ltr'>quanti</span> 
     </span>
     <span class='ocr_line' id='line_1_32' title="bbox 412 3533 1504 3631; baseline -0.006 -21"><span class='ocrx_word' id='word_1_249' title='bbox 412 3544 631 3610; x_wconf 78' lang='lat' dir='ltr'>l&#39;attributio&#39;n</span> <span class='ocrx_word' id='word_1_250' title='bbox 655 3545 697 3608; x_wconf 94' lang='lat' dir='ltr'>de</span> <span class='ocrx_word' id='word_1_251' title='bbox 720 3567 774 3610; x_wconf 93' lang='lat' dir='ltr'>ces</span> <span class='ocrx_word' id='word_1_252' title='bbox 797 3547 1019 3631; x_wconf 83' lang='lat' dir='ltr'>propositione</span> <span class='ocrx_word' id='word_1_253' title='bbox 1043 3569 1086 3610; x_wconf 92' lang='lat' dir='ltr'>au</span> <span class='ocrx_word' id='word_1_254' title='bbox 1109 3546 1193 3611; x_wconf 87' lang='lat' dir='ltr'>livre</span> <span class='ocrx_word' id='word_1_255' title='bbox 1217 3544 1259 3608; x_wconf 92' lang='lat' dir='ltr'>de</span> <span class='ocrx_word' id='word_1_256' title='bbox 1275 3543 1455 3619; x_wconf 75' lang='lat' dir='ltr'>Jansenius,</span> <span class='ocrx_word' id='word_1_257' title='bbox 1474 3533 1504 3598; x_wconf 82' lang='lat' dir='ltr'>ils</span> 
     </span>
     <span class='ocr_line' id='line_1_33' title="bbox 412 3633 1503 3728; baseline -0.011 -20"><span class='ocrx_word' id='word_1_258' title='bbox 412 3651 471 3708; x_wconf 93' lang='lat' dir='ltr'>ont</span> <span class='ocrx_word' id='word_1_259' title='bbox 494 3663 612 3706; x_wconf 91' lang='lat' dir='ltr'>encore</span> <span class='ocrx_word' id='word_1_260' title='bbox 636 3643 741 3706; x_wconf 91' lang='lat' dir='ltr'>rendu</span> <span class='ocrx_word' id='word_1_261' title='bbox 766 3653 798 3707; x_wconf 91' lang='lat' dir='ltr'>et</span> <span class='ocrx_word' id='word_1_262' title='bbox 820 3644 881 3708; x_wconf 88' lang='lat' dir='ltr'>fait</span> <span class='ocrx_word' id='word_1_263' title='bbox 902 3644 1020 3709; x_wconf 90' lang='lat' dir='ltr'>rendre</span> <span class='ocrx_word' id='word_1_264' title='bbox 1044 3667 1087 3708; x_wconf 88' lang='lat' dir='ltr'>au</span> <span class='ocrx_word' id='word_1_265' title='bbox 1102 3643 1134 3710; x_wconf 87' lang='lat' dir='ltr'>S.</span> <span class='ocrx_word' id='word_1_266' title='bbox 1150 3642 1249 3728; x_wconf 73' lang='lat' dir='ltr'>siege</span> <span class='ocrx_word' id='word_1_267' title='bbox 1272 3653 1363 3707; x_wconf 92' lang='lat' dir='ltr'>toute</span> <span class='ocrx_word' id='word_1_268' title='bbox 1384 3641 1414 3704; x_wconf 86' lang='lat' dir='ltr'>la</span> <span class='ocrx_word' id='word_1_269' title='bbox 1433 3633 1503 3700; x_wconf 88' lang='lat' dir='ltr'>de&#39;fe&#39;·</span> 
     </span>
     <span class='ocr_line' id='line_1_34' title="bbox 412 3733 1502 3828; baseline -0.01 -24"><span class='ocrx_word' id='word_1_270' title='bbox 412 3738 511 3804; x_wconf 91' lang='lat' dir='ltr'>rence</span> <span class='ocrx_word' id='word_1_271' title='bbox 535 3748 567 3803; x_wconf 90' lang='lat' dir='ltr'>et</span> <span class='ocrx_word' id='word_1_272' title='bbox 590 3740 784 3806; x_wconf 73' lang='lat' dir='ltr'>obeissance</span> <span class='ocrx_word' id='word_1_273' title='bbox 808 3745 864 3828; x_wconf 91' lang='lat' dir='ltr'>qui</span> <span class='ocrx_word' id='word_1_274' title='bbox 885 3742 932 3807; x_wconf 93' lang='lat' dir='ltr'>lui</span> <span class='ocrx_word' id='word_1_275' title='bbox 956 3752 1004 3806; x_wconf 92' lang='lat' dir='ltr'>est</span> <span class='ocrx_word' id='word_1_276' title='bbox 1029 3743 1102 3824; x_wconf 88' lang='lat' dir='ltr'>due,</span> <span class='ocrx_word' id='word_1_277' title='bbox 1128 3764 1256 3806; x_wconf 91' lang='lat' dir='ltr'>comme</span> <span class='ocrx_word' id='word_1_278' title='bbox 1279 3750 1353 3805; x_wconf 89' lang='lat' dir='ltr'>tous</span> <span class='ocrx_word' id='word_1_279' title='bbox 1375 3739 1417 3803; x_wconf 92' lang='lat' dir='ltr'>les</span> <span class='ocrx_word' id='word_1_280' title='bbox 1433 3733 1502 3797; x_wconf 88' lang='lat' dir='ltr'>the&#39;o·</span> 
     </span>
    </p>
   </div>
   <div class='ocr_carea' id='block_1_6' title="bbox 412 3829 1500 3928">
    <p class='ocr_par' dir='ltr' id='par_1_6' title="bbox 412 3829 1500 3928">
     <span class='ocr_line' id='line_1_35' title="bbox 412 3829 1500 3928; baseline -0.005 -27"><span class='ocrx_word' id='word_1_281' title='bbox 412 3836 539 3922; x_wconf 86' lang='lat' dir='ltr'>lugiens</span> <span class='ocrx_word' id='word_1_282' title='bbox 570 3841 795 3904; x_wconf 91' lang='lat' dir='ltr'>conviennent</span> <span class='ocrx_word' id='word_1_283' title='bbox 824 3839 906 3925; x_wconf 89' lang='lat' dir='ltr'>qu’il</span> <span class='ocrx_word' id='word_1_284' title='bbox 922 3839 969 3928; x_wconf 82' lang='lat' dir='ltr'>¹la</span> <span class='ocrx_word' id='word_1_285' title='bbox 1001 3841 1072 3905; x_wconf 88' lang='lat' dir='ltr'>faut</span> <span class='ocrx_word' id='word_1_286' title='bbox 1102 3839 1222 3905; x_wconf 90' lang='lat' dir='ltr'>rendre</span> <span class='ocrx_word' id='word_1_287' title='bbox 1256 3862 1300 3903; x_wconf 89' lang='lat' dir='ltr'>au</span> <span class='ocrx_word' id='word_1_288' title='bbox 1328 3833 1434 3923; x_wconf 87' lang='lat' dir='ltr'>regard</span> <span class='ocrx_word' id='word_1_289' title='bbox 1457 3829 1500 3892; x_wconf 77' lang='lat' dir='ltr'>des</span> 
     </span>
    </p>
   </div>
   <div class='ocr_carea' id='block_1_7' title="bbox 413 4035 627 4045">
    <p class='ocr_par' dir='ltr' id='par_1_7' title="bbox 413 4035 627 4045">
     <span class='ocr_line' id='line_1_36' title="bbox 413 4035 627 4045; baseline -0.005 -1"><span class='ocrx_word' id='word_1_290' title='bbox 413 4035 627 4045; x_wconf 61' lang='lat'>*—</span> 
     </span>
    </p>
   </div>
   <div class='ocr_carea' id='block_1_8' title="bbox 485 4139 1046 4291">
    <p class='ocr_par' dir='ltr' id='par_1_8' title="bbox 485 4139 1046 4291">
     <span class='ocr_line' id='line_1_37' title="bbox 489 4139 1046 4210; baseline 0.007 -16"><span class='ocrx_word' id='word_1_291' title='bbox 489 4139 508 4210; x_wconf 83' lang='grc' dir='ltr'>Ι)</span> <span class='ocrx_word' id='word_1_292' title='bbox 528 4141 627 4209; x_wconf 85' lang='lat' dir='ltr'>Dupin‚</span> <span class='ocrx_word' id='word_1_293' title='bbox 645 4141 679 4195; x_wconf 89' lang='lat' dir='ltr'>H.</span> <span class='ocrx_word' id='word_1_294' title='bbox 698 4141 730 4196; x_wconf 83' lang='grc' dir='ltr'>Ε.</span> <span class='ocrx_word' id='word_1_295' title='bbox 749 4146 771 4197; x_wconf 87' lang='lat' dir='ltr'>t.</span> <span class='ocrx_word' id='word_1_296' title='bbox 788 4140 841 4200; x_wconf 90' lang='grc' dir='ltr'><strong>ΙΙΙ,</strong></span> <span class='ocrx_word' id='word_1_297' title='bbox 860 4157 885 4208; x_wconf 86' lang='lat' dir='ltr'>p.</span> <span class='ocrx_word' id='word_1_298' title='bbox 909 4142 966 4206; x_wconf 80' lang='lat'>157,</span> <span class='ocrx_word' id='word_1_299' title='bbox 986 4142 1046 4198; x_wconf 80' lang='lat'>158.</span> 
     </span>
     <span class='ocr_line' id='line_1_38' title="bbox 485 4219 1002 4291; baseline 0.006 -17"><span class='ocrx_word' id='word_1_300' title='bbox 485 4220 508 4291; x_wconf 62' lang='grc'>9)</span> <span class='ocrx_word' id='word_1_301' title='bbox 527 4220 798 4286; x_wconf 83' lang='lat' dir='ltr'>Berault·Bercsstel,</span> <span class='ocrx_word' id='word_1_302' title='bbox 817 4219 834 4279; x_wconf 82' lang='lat' dir='ltr'>l.</span> <span class='ocrx_word' id='word_1_303' title='bbox 855 4236 876 4276; x_wconf 89' lang='lat' dir='ltr'>c.</span> <span class='ocrx_word' id='word_1_304' title='bbox 895 4236 921 4288; x_wconf 87' lang='lat' dir='ltr'>p.</span> <span class='ocrx_word' id='word_1_305' title='bbox 941 4221 1002 4278; x_wconf 78' lang='lat'><strong>364.</strong></span> 
     </span>
    </p>
   </div>
   <div class='ocr_carea' id='block_1_9' title="bbox 0 0 1672 4908">
    <p class='ocr_par' dir='ltr' id='par_1_9' title="bbox 0 0 1672 4908">
     <span class='ocr_line' id='line_1_39' title="bbox 0 0 1672 4908; baseline 0 3"><span class='ocrx_word' id='word_1_306' title='bbox 0 0 1672 4908; x_wconf 95' lang='lat' dir='ltr'> </span> 
     </span>
    </p>
   </div>
  </div>
 </body>
</html>
