3336 4908
551 485 592 537 De
612 484 683 537 Pace
705 483 888 537 Clementiae.
1226 483 1279 535 279

165 640 198 692 ut
210 638 403 714 repararent
419 627 575 713 injuriam
592 648 658 712 qua
674 625 794 690 Sedem
813 625 1037 710 Apostolioem
1054 625 1279 710 publicatione

164 728 340 790 affecerant
355 727 555 790 Litterarum
580 723 805 810 pastoralium,
830 723 1061 810 quibustalem
1081 725 1278 787 sententiam

162 833 406 909 proposuerant.
455 822 564 888 Causa
592 821 687 885 finita
719 830 768 884 est
795 843 854 906 per
878 821 1131 885 submissionem
1156 823 1279 906 episco-

161 942 285 1006 porum,
311 931 474 1007 quatenus
498 920 612 984 saltem
633 919 905 1004 supponebantur
927 918 963 982 id
978 918 1104 1001 fecisse,
1130 917 1219 1004 quod
1235 918 1278 983 ad

161 1019 401 1103 reparationem
424 1017 664 1103 requirebatur.
712 1015 752 1080 In
776 1019 847 1103 ipso
871 1026 982 1080 autem
1006 1017 1106 1081 Brevi
1121 1017 1279 1082 Pontifex

161 1115 278 1180 diserte
299 1115 453 1196 ostendit,
479 1117 568 1198 exigi
588 1115 718 1200 abipso
743 1116 945 1200 et'supponi,
971 1117 1092 1198 (utrum
1107 1115 1141 1178 id
1153 1115 1277 1179 factum

160 1216 198 1277 sit
228 1236 305 1278 cum
339 1213 443 1278 solido
477 1212 710 1294 fundamento,
742 1235 785 1276 an
815 1215 885 1277 sine
909 1215 1033 1279 motivo
1057 1214 1277 1298 peremptorio

111 1339 113 1402 3
158 1311 219 1375 alia
243 1314 393 1398 quaestio
418 1313 491 1393 est),
516 1311 688 1396 episcopos
705 1312 753 1374 uti
770 1310 1040 1393 significaverant
1061 1312 1180 1374 sincere
1204 1309 1278 1374 sub·

111 1407 112 1432 ³
158 1411 327 1495 scripsisse
357 1418 390 1472 et
419 1407 582 1473 subscribi
612 1409 730 1472 fecisse
759 1408 950 1473 formulario
983 1408 1167 1473 Alexandri
1199 1406 1277 1473 VII.

111 1529 112 1534 ¹
157 1507 257 1589 Dicit,
283 1507 448 1593 quaedam
474 1505 667 1570 circumlata
692 1506 898 1570 occasionem
924 1505 1054 1570 dedisse
1078 1508 1182 1570 serius
1206 1528 1276 1591 pro-

158 1604 308 1686 cedendi,
336 1627 433 1686 „nam
459 1603 623 1668 dictorum
639 1602 934 1668 Praedecessorum
951 1613 1137 1669 nostrorum
1151 1602 1277 1668 Consti·

159 1702 343 1767 tutioribus
357 1702 541 1786 firmissime
564 1702 760 1765 inhaerentes
782 1701 904 1765 nullom
926 1703 1011 1765 circa
1027 1701 1110 1766 illud
1123 1703 1276 1786 euceptio·

156 1822 220 1864 nem
244 1811 303 1864 out
325 1801 552 1864 restrictionem
575 1799 748 1863 admissuri
770 1822 907 1884 unquam
922 1799 1138 1886 sirissemus“;
1168 1821 1202 1863 se
1226 1822 1276 1863 ae·

158 1901 281 1984 cepisse
314 1898 535 1978 „documenta
568 1919 667 1961 verae
700 1907 733 1962 et
767 1895 876 1962 totalis
908 1896 1117 1962 obedientiae
1147 1908 1277 1961 vestrae

157 2017 218 2080 qua
241 2005 275 2062 et
299 1994 489 2059 formulario
514 1997 641 2059 sincere
658 1994 907 2079 subscripsistis,
924 1994 965 2058 'et
980 1995 1147 2060 damnatis
1162 1995 1277 2081 absque

156 2093 220 2157 ulle
243 2096 428 2180 acceptione
452 2104 509 2157 out
530 2095 725 2157 restrictione
760 2095 906 2178 quinque
929 2094 1210 2178 propositionibus
1240 2089 1276 2157 in

157 2192 309 2256 omnibus
337 2190 487 2255 sensibus
511 2193 546 2254 in
570 2190 690 2276 quibus
721 2213 740 2254 a
764 2189 849 2256 Sede
873 2189 1067 2276 Apostolica
1099 2192 1275 2255 damnatae

156 2287 318 2357 fuerant.“
363 2289 404 2354 In
427 2289 528 2353 Brevi
561 2289 603 2352 ad
629 2310 739 2373 regem
765 2287 919 2352 Clemens
942 2290 994 2354 IX
1024 2290 1148 2373 pariter
1176 2289 1273 2352 dicit:

156 2385 283 2466 „Tanta
307 2409 386 2450 sene
410 2407 486 2450 cum
510 2387 637 2450 laetitia
661 2388 879 2470 cognovimus
908 2388 944 2450 in
971 2385 1109 2473 simplici
1132 2410 1169 2450 oc
1185 2410 1276 2473 pure

157 2483 381 2570 subscriptione
412 2483 595 2548 formularii
628 2494 769 2570 quatuor
792 2486 1023 2570 episcoporum
1051 2484 1274 2549 obedientiam

157 2588 185 2642 ct
212 2581 444 2667 obsequium.“
491 2581 639 2646 Adverte
663 2592 784 2665 autem,
825 2582 999 2647 formulam
1023 2581 1207 2646 Alexandri
1231 2582 1273 2646 ad

157 2698 226 2742 eum
251 2701 390 2764 scopum
415 2680 538 2744 editam
562 2680 673 2759 fuisse,
697 2690 734 2744 ut
757 2681 828 2766 ejus
844 2679 1087 2765 subscriptione
1111 2690 1275 2745 constaret

156 2773 192 2838 de
214 2776 363 2840 admissa
387 2776 599 2842 damnatione
631 2781 892 2863 propositionum
926 2783 960 2843 in
992 2801 1090 2843 sensu
1114 2781 1273 2861 auctoris3

156 2880 184 2934 et
206 2874 415 2939 subscribere
439 2877 567 2959 sincere,
592 2876 789 2962 simpliciter,
808 2899 902 2964 pure,
928 2879 995 2941 sine
1011 2878 1208 2941 restrictione
1231 2899 1274 2940 ex

156 2992 249 3036 sensu
272 2974 387 3038 nativo
412 2983 444 3037 et
467 2983 599 3059 recepto
624 2973 802 3038 verborum
827 2974 1003 3039 excludere
1027 2975 1272 3038 distinctionem

1339 626 1400 673 Quid

1294 687 1396 730 Clemens
1415 687 1448 729 1x

1313 751 1420 800 uenerit.

156 3068 236 3134 inter
254 3071 313 3157 jus
337 3081 370 3135 et
392 3071 529 3136 factum.
576 3070 743 3157 Adjungit
768 3070 931 3153 Clemens,
957 3094 991 3136 se
1014 3072 1203 3136 firmissime
1225 3073 1273 3135 in·
1315 3151 1316 3156 ἵ

157 3167 266 3233 sistere
292 3168 592 3234 Constitutionibus
615 3169 923 3253 Praedecessorum,
957 3193 1018 3234 nec
1049 3171 1271 3234 admissurum

156 3261 251 3331 fuisse
276 3265 378 3332 ullam
401 3269 652 3334 restrictionem.
700 3261 859 3352 Congerit
889 3269 990 3352 igitur
1018 3291 1056 3331 ea
1080 3267 1201 3354 quibus
1224 3291 1271 3332 as·

158 3373 248 3446 serat,
272 3387 308 3429 se
325 3364 409 3429 nibil
431 3369 600 3430 remittere
624 3374 656 3429 et
679 3387 797 3450 pacem
815 3366 893 3430 dare
910 3388 950 3430 ec
965 3368 1181 3453 suppositione
1198 3365 1271 3430 sub·

157 3462 340 3547 scriptionis
364 3462 525 3549 simplicis
548 3486 615 3549 qua
633 3464 690 3549 jus
714 3473 747 3527 et
769 3464 894 3528 factum
917 3463 1167 3547 agnoscebatur.

240 3561 293 3625 67.
324 3559 546 3625 Confirmatur
569 3571 680 3626 nostra
704 3565 839 3625 assertio
864 3563 1083 3646 peremptorio
1108 3561 1205 3625 modo
1229 3583 1271 3624 ex

158 3656 263 3722 verbis
288 3656 468 3723 Clementis
492 3657 553 3740 XI,
585 3659 810 3744 quia1705,
843 3681 946 3745 quum
979 3682 1037 3744 per
1060 3659 1190 3724 Bullam
1220 3659 1270 3724 Vi·

157 3773 243 3818 neam
264 3757 398 3835 Domini
430 3756 591 3838 definiret,
622 3756 854 3842 obsequiosum
885 3757 1052 3822 silentium
1081 3759 1115 3820 in
1138 3759 1270 3840 negotio

157 3847 351 3919 lansenismi
376 3874 442 3917 non
465 3853 627 3936 sufficere,
652 3854 750 3919 simul
773 3877 828 3920 eos
851 3877 966 3920 severe
989 3857 1188 3941 perstringit,
1213 3856 1269 3940 qui

159 3943 330 4017 Clementis
344 3951 396 4017 IX
413 3952 578 4034 „Litteras
602 3954 637 4016 in
660 3955 778 4017 erroris
792 3954 843 4017 sui
867 3955 1088 4038 patrocinium
1105 3953 1270 4017 advocare

159 4051 322 4112 temerario
353 4072 436 4113 ausu
465 4071 531 4114 non
556 4050 765 4133 erubescunt,
795 4051 933 4136 perinde
956 4074 995 4116 ac
1019 4053 1044 4116 si
1070 4061 1270 4115 memoratus

160 4137 304 4212 Clemens
316 4147 564 4232 Praedecessor,
589 4151 646 4234 qui
671 4149 796 4214 eisdem
820 4150 888 4213 suis
911 4149 1028 4214 litteris
1052 4172 1086 4213 se
1109 4151 1270 4214 Innocen-

159 4238 192 4301 tii
218 4243 249 4307 X
279 4255 311 4308 et
334 4244 518 4310 Alexandri
544 4247 610 4311 VII
640 4246 936 4312 Praedecessorum
968 4247 1269 4312 Constitutiouibus
