<?xml version="1.0" encoding="UTF-8"?>
<!DOCTYPE html PUBLIC "-//W3C//DTD XHTML 1.0 Transitional//EN"
    "http://www.w3.org/TR/xhtml1/DTD/xhtml1-transitional.dtd">
<html xmlns="http://www.w3.org/1999/xhtml" xml:lang="en" lang="en">
 <head>
  <title>
</title>
<meta http-equiv="Content-Type" content="text/html;charset=utf-8" />
  <meta name='ocr-system' content='tesseract 3.04.00' />
  <meta name='ocr-capabilities' content='ocr_page ocr_carea ocr_par ocr_line ocrx_word'/>
</head>
<body>
  <div class='ocr_page' id='page_1' title='image "./dissertationess03junggoog_0265.png"; bbox 0 0 3336 4908; ppageno 0'>
   <div class='ocr_carea' id='block_1_1' title="bbox 490 415 1208 484">
    <p class='ocr_par' dir='ltr' id='par_1_1' title="bbox 490 415 1208 484">
     <span class='ocr_line' id='line_1_1' title="bbox 490 415 1208 484; baseline 0.019 -14"><span class='ocrx_word' id='word_1_1' title='bbox 490 415 543 470; x_wconf 81' lang='lat'>252</span> <span class='ocrx_word' id='word_1_2' title='bbox 894 427 952 484; x_wconf 82' lang='lat' dir='ltr'>XL.</span> <span class='ocrx_word' id='word_1_3' title='bbox 971 428 1012 483; x_wconf 90' lang='lat' dir='ltr'>De</span> <span class='ocrx_word' id='word_1_4' title='bbox 1030 429 1208 484; x_wconf 85' lang='lat' dir='ltr'>Jansenismo.</span> 
     </span>
    </p>
   </div>
   <div class='ocr_carea' id='block_1_2' title="bbox 488 562 1594 951">
    <p class='ocr_par' dir='ltr' id='par_1_2' title="bbox 488 562 1594 951">
     <span class='ocr_line' id='line_1_2' title="bbox 578 562 1593 658; baseline 0.012 -33"><span class='ocrx_word' id='word_1_5' title='bbox 578 562 724 628; x_wconf 80' lang='lat' dir='ltr'>Priorem</span> <span class='ocrx_word' id='word_1_6' title='bbox 781 571 1099 658; x_wconf 74' lang='lat' dir='ltr'>octogintaquinque</span> <span class='ocrx_word' id='word_1_7' title='bbox 1155 574 1385 658; x_wconf 88' lang='lat' dir='ltr'>episcoporum</span> <span class='ocrx_word' id='word_1_8' title='bbox 1441 573 1593 658; x_wconf 84' lang='lat' dir='ltr'>epistolam</span> 
     </span>
     <span class='ocr_line' id='line_1_3' title="bbox 488 657 1594 756; baseline 0.013 -37"><span class='ocrx_word' id='word_1_9' title='bbox 488 657 643 724; x_wconf 85' lang='lat' dir='ltr'>Pontifici</span> <span class='ocrx_word' id='word_1_10' title='bbox 682 663 820 728; x_wconf 83' lang='lat' dir='ltr'>tradidit</span> <span class='ocrx_word' id='word_1_11' title='bbox 858 668 911 731; x_wconf 90' lang='lat' dir='ltr'>die</span> <span class='ocrx_word' id='word_1_12' title='bbox 953 669 1011 732; x_wconf 90' lang='lat'>11⁰</span> <span class='ocrx_word' id='word_1_13' title='bbox 1034 669 1160 756; x_wconf 87' lang='lat' dir='ltr'>Aprilis</span> <span class='ocrx_word' id='word_1_14' title='bbox 1199 693 1228 734; x_wconf 88' lang='lat' dir='ltr'>a.</span> <span class='ocrx_word' id='word_1_15' title='bbox 1257 672 1338 734; x_wconf 82' lang='lat'>1651</span> <span class='ocrx_word' id='word_1_16' title='bbox 1368 670 1489 736; x_wconf 83' lang='lat' dir='ltr'>Orator</span> <span class='ocrx_word' id='word_1_17' title='bbox 1524 673 1594 754; x_wconf 84' lang='lat' dir='ltr'>regis</span> 
     </span>
     <span class='ocr_line' id='line_1_4' title="bbox 491 754 1594 853; baseline 0.011 -35"><span class='ocrx_word' id='word_1_18' title='bbox 491 754 629 821; x_wconf 79' lang='lat' dir='ltr'>Galliae.</span> <span class='ocrx_word' id='word_1_19' title='bbox 677 760 830 826; x_wconf 79' lang='lat' dir='ltr'>Alteram</span> <span class='ocrx_word' id='word_1_20' title='bbox 864 787 940 829; x_wconf 89' lang='lat' dir='ltr'>vero</span> <span class='ocrx_word' id='word_1_21' title='bbox 980 768 1135 831; x_wconf 82' lang='lat' dir='ltr'>undecim</span> <span class='ocrx_word' id='word_1_22' title='bbox 1175 770 1404 853; x_wconf 88' lang='lat' dir='ltr'>episcoporum</span> <span class='ocrx_word' id='word_1_23' title='bbox 1439 770 1594 834; x_wconf 80' lang='lat' dir='ltr'>Ladoaiaas</span> 
     </span>
     <span class='ocr_line' id='line_1_5' title="bbox 490 853 1594 951; baseline 0.013 -37"><span class='ocrx_word' id='word_1_24' title='bbox 490 853 529 914; x_wconf 89' lang='lat' dir='ltr'>de</span> <span class='ocrx_word' id='word_1_25' title='bbox 553 853 585 918; x_wconf 76' lang='lat' dir='ltr'>S.</span> <span class='ocrx_word' id='word_1_26' title='bbox 611 856 731 922; x_wconf 74' lang='lat' dir='ltr'>Amore</span> <span class='ocrx_word' id='word_1_27' title='bbox 763 860 877 926; x_wconf 88' lang='lat' dir='ltr'>doctor</span> <span class='ocrx_word' id='word_1_28' title='bbox 900 862 1115 948; x_wconf 86' lang='lat' dir='ltr'>Serbonicus,</span> <span class='ocrx_word' id='word_1_29' title='bbox 1156 876 1315 951; x_wconf 87' lang='lat' dir='ltr'>tanquam</span> <span class='ocrx_word' id='word_1_30' title='bbox 1344 865 1472 949; x_wconf 86' lang='lat' dir='ltr'>legatus</span> <span class='ocrx_word' id='word_1_31' title='bbox 1495 866 1594 929; x_wconf 89' lang='lat' dir='ltr'>horum</span> 
     </span>
    </p>
   </div>
   <div class='ocr_carea' id='block_1_3' title="bbox 489 953 1630 1164">
    <p class='ocr_par' dir='ltr' id='par_1_3' title="bbox 489 953 1630 1164">
     <span class='ocr_line' id='line_1_6' title="bbox 489 953 1594 1043; baseline 0.012 -31"><span class='ocrx_word' id='word_1_32' title='bbox 489 953 718 1038; x_wconf 86' lang='lat' dir='ltr'>episcoporum</span> <span class='ocrx_word' id='word_1_33' title='bbox 752 958 938 1043; x_wconf 86' lang='lat' dir='ltr'>deputatus,</span> <span class='ocrx_word' id='word_1_34' title='bbox 969 964 1116 1028; x_wconf 89' lang='lat' dir='ltr'>reddidit</span> <span class='ocrx_word' id='word_1_35' title='bbox 1139 966 1334 1028; x_wconf 81' lang='lat' dir='ltr'>Innocentio</span> <span class='ocrx_word' id='word_1_36' title='bbox 1367 964 1421 1029; x_wconf 91' lang='lat' dir='ltr'>die</span> <span class='ocrx_word' id='word_1_37' title='bbox 1448 965 1506 1028; x_wconf 88' lang='lat'>10⁰</span> <span class='ocrx_word' id='word_1_38' title='bbox 1527 964 1594 1028; x_wconf 82' lang='lat' dir='ltr'>Jutii</span> 
     </span>
     <span class='ocr_line' id='line_1_7' title="bbox 489 1049 1630 1164; baseline 0.001 -53"><span class='ocrx_word' id='word_1_39' title='bbox 489 1049 637 1134; x_wconf 88' lang='lat' dir='ltr'>ejusdem</span> <span class='ocrx_word' id='word_1_40' title='bbox 661 1057 750 1120; x_wconf 89' lang='lat' dir='ltr'>anni.</span> <span class='ocrx_word' id='word_1_41' title='bbox 1628 1075 1630 1164; x_wconf 52' lang='lat' dir='ltr'>p</span> 
     </span>
    </p>
   </div>
   <div class='ocr_carea' id='block_1_4' title="bbox 327 1165 1630 1308">
    <p class='ocr_par' dir='ltr' id='par_1_4' title="bbox 327 1165 1630 1308">
     <span class='ocr_line' id='line_1_8' title="bbox 1628 1165 1630 1188; baseline 0 0"><span class='ocrx_word' id='word_1_42' title='bbox 1628 1165 1630 1188; x_wconf 81' lang='grc'>.</span> 
     </span>
     <span class='ocr_line' id='line_1_9' title="bbox 327 1194 1630 1308; baseline 0.013 -59"><span class='ocrx_word' id='word_1_43' title='bbox 327 1195 455 1308; x_wconf 52' lang='lat' dir='ltr'>pffigg</span> <span class='ocrx_word' id='word_1_44' title='bbox 578 1194 631 1259; x_wconf 76' lang='lat'>40.</span> <span class='ocrx_word' id='word_1_45' title='bbox 679 1197 821 1262; x_wconf 89' lang='lat' dir='ltr'>Juvabit</span> <span class='ocrx_word' id='word_1_46' title='bbox 853 1200 1010 1267; x_wconf 82' lang='lat' dir='ltr'>hocloco</span> <span class='ocrx_word' id='word_1_47' title='bbox 1034 1206 1180 1289; x_wconf 91' lang='lat' dir='ltr'>quinque</span> <span class='ocrx_word' id='word_1_48' title='bbox 1205 1204 1348 1268; x_wconf 86' lang='lat' dir='ltr'>famosas</span> <span class='ocrx_word' id='word_1_49' title='bbox 1373 1205 1595 1288; x_wconf 83' lang='lat' dir='ltr'>propositiones</span> <span class='ocrx_word' id='word_1_50' title='bbox 1628 1213 1630 1226; x_wconf 67' lang='lat'><strong><em>¹</em></strong></span> 
     </span>
    </p>
   </div>
   <div class='ocr_carea' id='block_1_5' title="bbox 319 1295 1595 1474">
    <p class='ocr_par' dir='ltr' id='par_1_5' title="bbox 319 1295 1595 1474">
     <span class='ocr_line' id='line_1_10' title="bbox 319 1295 1595 1387; baseline 0.008 -35"><span class='ocrx_word' id='word_1_51' title='bbox 319 1321 477 1362; x_wconf 49' lang='lat' dir='ltr'>mamona,</span> <span class='ocrx_word' id='word_1_52' title='bbox 489 1300 600 1372; x_wconf 85' lang='lat' dir='ltr'>artare,</span> <span class='ocrx_word' id='word_1_53' title='bbox 632 1295 678 1357; x_wconf 91' lang='lat' dir='ltr'>ita</span> <span class='ocrx_word' id='word_1_54' title='bbox 703 1306 738 1358; x_wconf 93' lang='lat' dir='ltr'>ut</span> <span class='ocrx_word' id='word_1_55' title='bbox 762 1299 860 1362; x_wconf 85' lang='lat' dir='ltr'>simul</span> <span class='ocrx_word' id='word_1_56' title='bbox 884 1322 989 1364; x_wconf 85' lang='lat' dir='ltr'>nexus</span> <span class='ocrx_word' id='word_1_57' title='bbox 1012 1302 1206 1366; x_wconf 85' lang='lat' dir='ltr'>advertatur</span> <span class='ocrx_word' id='word_1_58' title='bbox 1237 1324 1334 1387; x_wconf 89' lang='lat' dir='ltr'>quem</span> <span class='ocrx_word' id='word_1_59' title='bbox 1360 1324 1436 1365; x_wconf 85' lang='lat' dir='ltr'>cum</span> <span class='ocrx_word' id='word_1_60' title='bbox 1461 1301 1595 1365; x_wconf 82' lang='lat' dir='ltr'>Jansenii</span> 
     </span>
     <span class='ocr_line' id='line_1_11' title="bbox 487 1389 817 1474; baseline 0.027 -24"><span class='ocrx_word' id='word_1_61' title='bbox 487 1389 660 1474; x_wconf 82' lang='lat' dir='ltr'>principiis</span> <span class='ocrx_word' id='word_1_62' title='bbox 685 1391 817 1460; x_wconf 87' lang='lat' dir='ltr'>habent.</span> 
     </span>
    </p>
   </div>
   <div class='ocr_carea' id='block_1_6' title="bbox 481 1515 1630 2096">
    <p class='ocr_par' dir='ltr' id='par_1_6' title="bbox 481 1515 1630 2096">
     <span class='ocr_line' id='line_1_12' title="bbox 580 1515 1630 1608; baseline 0.008 -31"><span class='ocrx_word' id='word_1_63' title='bbox 580 1518 606 1579; x_wconf 94' lang='lat' dir='ltr'>l.</span> <span class='ocrx_word' id='word_1_64' title='bbox 634 1515 744 1602; x_wconf 75' lang='lat' dir='ltr'>Quum</span> <span class='ocrx_word' id='word_1_65' title='bbox 767 1523 872 1602; x_wconf 86' lang='lat' dir='ltr'>gratia</span> <span class='ocrx_word' id='word_1_66' title='bbox 897 1545 1027 1608; x_wconf 88' lang='lat' dir='ltr'>semper</span> <span class='ocrx_word' id='word_1_67' title='bbox 1051 1527 1094 1588; x_wconf 85' lang='lat' dir='ltr'>sit</span> <span class='ocrx_word' id='word_1_68' title='bbox 1117 1524 1237 1588; x_wconf 87' lang='lat' dir='ltr'>efficax</span> <span class='ocrx_word' id='word_1_69' title='bbox 1255 1534 1287 1587; x_wconf 90' lang='lat' dir='ltr'>et</span> <span class='ocrx_word' id='word_1_70' title='bbox 1304 1526 1437 1602; x_wconf 85' lang='lat' dir='ltr'>victrix,</span> <span class='ocrx_word' id='word_1_71' title='bbox 1463 1524 1596 1587; x_wconf 87' lang='lat' dir='ltr'>homines</span> <span class='ocrx_word' id='word_1_72' title='bbox 1629 1527 1630 1540; x_wconf 62' lang='lat'>.</span> 
     </span>
     <span class='ocr_line' id='line_1_13' title="bbox 487 1613 1595 1707; baseline 0.008 -34"><span class='ocrx_word' id='word_1_73' title='bbox 487 1613 514 1674; x_wconf 90' lang='lat' dir='ltr'>si</span> <span class='ocrx_word' id='word_1_74' title='bbox 528 1633 600 1675; x_wconf 89' lang='lat' dir='ltr'>eam</span> <span class='ocrx_word' id='word_1_75' title='bbox 615 1613 786 1696; x_wconf 86' lang='lat' dir='ltr'>haberent,</span> <span class='ocrx_word' id='word_1_76' title='bbox 814 1640 879 1683; x_wconf 90' lang='lat' dir='ltr'>non</span> <span class='ocrx_word' id='word_1_77' title='bbox 897 1632 1081 1704; x_wconf 86' lang='lat' dir='ltr'>peccarent.</span> <span class='ocrx_word' id='word_1_78' title='bbox 1119 1621 1185 1685; x_wconf 86' lang='lat' dir='ltr'>Sed</span> <span class='ocrx_word' id='word_1_79' title='bbox 1202 1625 1302 1686; x_wconf 87' lang='lat' dir='ltr'>etiam</span> <span class='ocrx_word' id='word_1_80' title='bbox 1321 1623 1404 1707; x_wconf 85' lang='lat' dir='ltr'>justi</span> <span class='ocrx_word' id='word_1_81' title='bbox 1429 1620 1595 1684; x_wconf 89' lang='lat' dir='ltr'>identidem</span> 
     </span>
     <span class='ocr_line' id='line_1_14' title="bbox 487 1717 1595 1804; baseline 0.005 -31"><span class='ocrx_word' id='word_1_82' title='bbox 487 1721 625 1795; x_wconf 84' lang='lat' dir='ltr'>peccata</span> <span class='ocrx_word' id='word_1_83' title='bbox 649 1717 875 1798; x_wconf 83' lang='lat' dir='ltr'>committunt3</span> <span class='ocrx_word' id='word_1_84' title='bbox 901 1721 1039 1803; x_wconf 90' lang='lat' dir='ltr'>proinde</span> <span class='ocrx_word' id='word_1_85' title='bbox 1063 1723 1204 1804; x_wconf 87' lang='lat' dir='ltr'>gratiam</span> <span class='ocrx_word' id='word_1_86' title='bbox 1229 1742 1294 1784; x_wconf 90' lang='lat' dir='ltr'>non</span> <span class='ocrx_word' id='word_1_87' title='bbox 1312 1718 1448 1786; x_wconf 88' lang='lat' dir='ltr'>habent.</span> <span class='ocrx_word' id='word_1_88' title='bbox 1480 1722 1595 1803; x_wconf 86' lang='lat' dir='ltr'>Itaque:</span> 
     </span>
     <span class='ocr_line' id='line_1_15' title="bbox 486 1808 1595 1906; baseline 0.005 -34"><span class='ocrx_word' id='word_1_89' title='bbox 486 1808 608 1894; x_wconf 79' lang='lat' dir='ltr'>Aliqua</span> <span class='ocrx_word' id='word_1_90' title='bbox 619 1812 683 1875; x_wconf 89' lang='lat' dir='ltr'>Dei</span> <span class='ocrx_word' id='word_1_91' title='bbox 702 1825 875 1900; x_wconf 82' lang='lat' dir='ltr'>praecepta</span> <span class='ocrx_word' id='word_1_92' title='bbox 892 1819 991 1906; x_wconf 80' lang='lat' dir='ltr'>jactis</span> <span class='ocrx_word' id='word_1_93' title='bbox 1008 1817 1182 1882; x_wconf 77' lang='lat' dir='ltr'>uolentibus</span> <span class='ocrx_word' id='word_1_94' title='bbox 1197 1828 1227 1882; x_wconf 90' lang='lat' dir='ltr'>et</span> <span class='ocrx_word' id='word_1_95' title='bbox 1241 1817 1430 1882; x_wconf 73' lang='lat' dir='ltr'>conantibus</span> <span class='ocrx_word' id='word_1_96' title='bbox 1446 1818 1595 1882; x_wconf 67' lang='lat' dir='ltr'>amandam</span> 
     </span>
     <span class='ocr_line' id='line_1_16' title="bbox 481 1914 1593 2002; baseline 0.01 -34"><span class='ocrx_word' id='word_1_97' title='bbox 481 1919 667 1992; x_wconf 72' lang='lat' dir='ltr'>praesenter</span> <span class='ocrx_word' id='word_1_98' title='bbox 689 1934 769 1994; x_wconf 83' lang='lat' dir='ltr'>quae</span> <span class='ocrx_word' id='word_1_99' title='bbox 790 1914 905 1976; x_wconf 75' lang='lat' dir='ltr'>habeat</span> <span class='ocrx_word' id='word_1_100' title='bbox 926 1917 1009 1979; x_wconf 78' lang='lat' dir='ltr'>vireo</span> <span class='ocrx_word' id='word_1_101' title='bbox 1031 1927 1106 1980; x_wconf 78' lang='lat' dir='ltr'>caat</span> <span class='ocrx_word' id='word_1_102' title='bbox 1128 1915 1358 2002; x_wconf 69' lang='lat' dir='ltr'>impossibilia:</span> <span class='ocrx_word' id='word_1_103' title='bbox 1385 1916 1473 1980; x_wconf 81' lang='lat' dir='ltr'>deest</span> <span class='ocrx_word' id='word_1_104' title='bbox 1496 1935 1593 2001; x_wconf 77' lang='lat' dir='ltr'>qaoque</span> 
     </span>
     <span class='ocr_line' id='line_1_17' title="bbox 485 2006 1048 2096; baseline 0.018 -29"><span class='ocrx_word' id='word_1_105' title='bbox 485 2006 528 2068; x_wconf 79' lang='lat' dir='ltr'>iic</span> <span class='ocrx_word' id='word_1_106' title='bbox 550 2007 659 2089; x_wconf 77' lang='lat' dir='ltr'>pratia</span> <span class='ocrx_word' id='word_1_107' title='bbox 682 2031 745 2092; x_wconf 83' lang='lat' dir='ltr'>qaa</span> <span class='ocrx_word' id='word_1_108' title='bbox 765 2012 938 2096; x_wconf 75' lang='lat' dir='ltr'>possibilia</span> <span class='ocrx_word' id='word_1_109' title='bbox 952 2013 1048 2096; x_wconf 80' lang='lat' dir='ltr'>flant.</span> 
     </span>
    </p>
   </div>
   <div class='ocr_carea' id='block_1_7' title="bbox 483 2131 1592 2321">
    <p class='ocr_par' dir='ltr' id='par_1_7' title="bbox 483 2131 1592 2321">
     <span class='ocr_line' id='line_1_18' title="bbox 575 2131 1592 2223; baseline 0.003 -30"><span class='ocrx_word' id='word_1_110' title='bbox 575 2131 604 2195; x_wconf 78' lang='grc'>2.</span> <span class='ocrx_word' id='word_1_111' title='bbox 631 2131 747 2197; x_wconf 82' lang='lat' dir='ltr'>Gratia</span> <span class='ocrx_word' id='word_1_112' title='bbox 763 2146 812 2198; x_wconf 89' lang='lat' dir='ltr'>est</span> <span class='ocrx_word' id='word_1_113' title='bbox 827 2159 957 2222; x_wconf 89' lang='lat' dir='ltr'>semper</span> <span class='ocrx_word' id='word_1_114' title='bbox 973 2140 1105 2219; x_wconf 85' lang='lat' dir='ltr'>victrix,</span> <span class='ocrx_word' id='word_1_115' title='bbox 1130 2138 1296 2223; x_wconf 87' lang='lat' dir='ltr'>adeoque:</span> <span class='ocrx_word' id='word_1_116' title='bbox 1320 2139 1476 2200; x_wconf 78' lang='lat' dir='ltr'>lateriori</span> <span class='ocrx_word' id='word_1_117' title='bbox 1489 2138 1592 2221; x_wconf 75' lang='lat' dir='ltr'>pratia</span> 
     </span>
     <span class='ocr_line' id='line_1_19' title="bbox 483 2229 1294 2321; baseline 0.011 -32"><span class='ocrx_word' id='word_1_118' title='bbox 483 2229 518 2290; x_wconf 82' lang='lat' dir='ltr'>ia</span> <span class='ocrx_word' id='word_1_119' title='bbox 541 2238 627 2291; x_wconf 82' lang='lat' dir='ltr'>stata</span> <span class='ocrx_word' id='word_1_120' title='bbox 650 2240 786 2295; x_wconf 81' lang='lat' dir='ltr'>acturae</span> <span class='ocrx_word' id='word_1_121' title='bbox 810 2233 921 2320; x_wconf 78' lang='lat' dir='ltr'>lapsae</span> <span class='ocrx_word' id='word_1_122' title='bbox 944 2259 1103 2321; x_wconf 83' lang='lat' dir='ltr'>aaaqaam</span> <span class='ocrx_word' id='word_1_123' title='bbox 1127 2237 1294 2299; x_wconf 71' lang='lat' dir='ltr'>resistitur.</span> 
     </span>
    </p>
   </div>
   <div class='ocr_carea' id='block_1_8' title="bbox 484 2352 1590 2930">
    <p class='ocr_par' dir='ltr' id='par_1_8' title="bbox 484 2352 1590 2930">
     <span class='ocr_line' id='line_1_20' title="bbox 574 2352 1590 2441; baseline 0.003 -26"><span class='ocrx_word' id='word_1_124' title='bbox 574 2352 605 2416; x_wconf 89' lang='lat'>3.</span> <span class='ocrx_word' id='word_1_125' title='bbox 630 2353 840 2420; x_wconf 88' lang='lat' dir='ltr'>Meritorium</span> <span class='ocrx_word' id='word_1_126' title='bbox 871 2382 949 2423; x_wconf 91' lang='lat' dir='ltr'>sane</span> <span class='ocrx_word' id='word_1_127' title='bbox 981 2371 1029 2424; x_wconf 90' lang='lat' dir='ltr'>est</span> <span class='ocrx_word' id='word_1_128' title='bbox 1059 2361 1183 2425; x_wconf 92' lang='lat' dir='ltr'>bonum</span> <span class='ocrx_word' id='word_1_129' title='bbox 1209 2361 1327 2441; x_wconf 85' lang='lat' dir='ltr'>faeere,</span> <span class='ocrx_word' id='word_1_130' title='bbox 1361 2358 1590 2422; x_wconf 85' lang='lat' dir='ltr'>demeritorium</span> 
     </span>
     <span class='ocr_line' id='line_1_21' title="bbox 485 2448 1588 2543; baseline 0.005 -32"><span class='ocrx_word' id='word_1_131' title='bbox 485 2448 608 2513; x_wconf 85' lang='lat' dir='ltr'>malurn</span> <span class='ocrx_word' id='word_1_132' title='bbox 641 2473 814 2537; x_wconf 82' lang='lat' dir='ltr'>peragere3</span> <span class='ocrx_word' id='word_1_133' title='bbox 855 2466 1030 2543; x_wconf 91' lang='lat' dir='ltr'>utrumque</span> <span class='ocrx_word' id='word_1_134' title='bbox 1070 2469 1181 2522; x_wconf 92' lang='lat' dir='ltr'>autem</span> <span class='ocrx_word' id='word_1_135' title='bbox 1215 2457 1401 2521; x_wconf 83' lang='lat' dir='ltr'>libertatem</span> <span class='ocrx_word' id='word_1_136' title='bbox 1444 2457 1588 2541; x_wconf 86' lang='lat' dir='ltr'>supponit.</span> 
     </span>
     <span class='ocr_line' id='line_1_22' title="bbox 485 2546 1588 2641; baseline 0.003 -31"><span class='ocrx_word' id='word_1_137' title='bbox 485 2546 550 2611; x_wconf 85' lang='lat' dir='ltr'>Sed</span> <span class='ocrx_word' id='word_1_138' title='bbox 573 2552 681 2631; x_wconf 86' lang='lat' dir='ltr'>gratia</span> <span class='ocrx_word' id='word_1_139' title='bbox 698 2556 875 2617; x_wconf 88' lang='lat' dir='ltr'>necessitat</span> <span class='ocrx_word' id='word_1_140' title='bbox 891 2555 1058 2621; x_wconf 90' lang='lat' dir='ltr'>hominem</span> <span class='ocrx_word' id='word_1_141' title='bbox 1083 2556 1125 2621; x_wconf 92' lang='lat' dir='ltr'>ad</span> <span class='ocrx_word' id='word_1_142' title='bbox 1143 2556 1277 2636; x_wconf 86' lang='lat' dir='ltr'>bonum,</span> <span class='ocrx_word' id='word_1_143' title='bbox 1304 2555 1442 2641; x_wconf 86' lang='lat' dir='ltr'>ejusque</span> <span class='ocrx_word' id='word_1_144' title='bbox 1462 2554 1588 2617; x_wconf 83' lang='lat' dir='ltr'>defectus</span> 
     </span>
     <span class='ocr_line' id='line_1_23' title="bbox 485 2644 1589 2718; baseline 0.004 -12"><span class='ocrx_word' id='word_1_145' title='bbox 485 2644 528 2707; x_wconf 90' lang='lat' dir='ltr'>ad</span> <span class='ocrx_word' id='word_1_146' title='bbox 557 2646 690 2714; x_wconf 89' lang='lat' dir='ltr'>malum.</span> <span class='ocrx_word' id='word_1_147' title='bbox 739 2649 844 2714; x_wconf 89' lang='lat' dir='ltr'>Hinc:</span> <span class='ocrx_word' id='word_1_148' title='bbox 876 2653 929 2716; x_wconf 86' lang='lat' dir='ltr'>Ad</span> <span class='ocrx_word' id='word_1_149' title='bbox 951 2653 1130 2718; x_wconf 80' lang='lat' dir='ltr'>merendam</span> <span class='ocrx_word' id='word_1_150' title='bbox 1161 2665 1192 2716; x_wconf 93' lang='lat' dir='ltr'>et</span> <span class='ocrx_word' id='word_1_151' title='bbox 1222 2653 1445 2716; x_wconf 80' lang='lat' dir='ltr'>demerendam</span> <span class='ocrx_word' id='word_1_152' title='bbox 1467 2654 1501 2715; x_wconf 86' lang='lat' dir='ltr'>ia</span> <span class='ocrx_word' id='word_1_153' title='bbox 1523 2659 1589 2714; x_wconf 66' lang='lat' dir='ltr'>etati</span> 
     </span>
     <span class='ocr_line' id='line_1_24' title="bbox 484 2746 1588 2836; baseline 0.002 -30"><span class='ocrx_word' id='word_1_154' title='bbox 484 2753 619 2807; x_wconf 81' lang='lat' dir='ltr'>naturae</span> <span class='ocrx_word' id='word_1_155' title='bbox 644 2746 754 2832; x_wconf 83' lang='lat' dir='ltr'>lapsae</span> <span class='ocrx_word' id='word_1_156' title='bbox 778 2772 842 2812; x_wconf 83' lang='lat' dir='ltr'>aaa</span> <span class='ocrx_word' id='word_1_157' title='bbox 864 2753 1040 2836; x_wconf 80' lang='lat' dir='ltr'>repairitar</span> <span class='ocrx_word' id='word_1_158' title='bbox 1069 2753 1103 2815; x_wconf 83' lang='lat' dir='ltr'>iu</span> <span class='ocrx_word' id='word_1_159' title='bbox 1133 2753 1255 2815; x_wconf 78' lang='lat' dir='ltr'>herniae</span> <span class='ocrx_word' id='word_1_160' title='bbox 1279 2751 1411 2814; x_wconf 78' lang='lat' dir='ltr'>libertae</span> <span class='ocrx_word' id='word_1_161' title='bbox 1436 2775 1458 2813; x_wconf 86' lang='lat' dir='ltr'>a</span> <span class='ocrx_word' id='word_1_162' title='bbox 1480 2749 1588 2813; x_wconf 82' lang='lat' dir='ltr'>accerri-</span> 
     </span>
     <span class='ocr_line' id='line_1_25' title="bbox 485 2840 1303 2930; baseline 0.013 -28"><span class='ocrx_word' id='word_1_163' title='bbox 485 2851 558 2923; x_wconf 84' lang='lat' dir='ltr'>tate,</span> <span class='ocrx_word' id='word_1_164' title='bbox 583 2842 640 2905; x_wconf 83' lang='lat' dir='ltr'>red</span> <span class='ocrx_word' id='word_1_165' title='bbox 662 2845 782 2930; x_wconf 76' lang='lat' dir='ltr'>suffieit</span> <span class='ocrx_word' id='word_1_166' title='bbox 805 2847 937 2912; x_wconf 82' lang='lat' dir='ltr'>libertae</span> <span class='ocrx_word' id='word_1_167' title='bbox 961 2873 981 2912; x_wconf 95' lang='lat' dir='ltr'>a</span> <span class='ocrx_word' id='word_1_168' title='bbox 1004 2852 1173 2913; x_wconf 79' lang='lat' dir='ltr'>coactione.</span> <span class='ocrx_word' id='word_1_169' title='bbox 1300 2840 1303 2850; x_wconf 52' lang='lat'>¹</span> 
     </span>
    </p>
   </div>
   <div class='ocr_carea' id='block_1_9' title="bbox 477 2967 1627 3644">
    <p class='ocr_par' dir='ltr' id='par_1_9' title="bbox 477 2967 1627 3644">
     <span class='ocr_line' id='line_1_26' title="bbox 573 2967 1627 3054; baseline 0.002 -24"><span class='ocrx_word' id='word_1_170' title='bbox 573 2969 603 3030; x_wconf 89' lang='lat'>4.</span> <span class='ocrx_word' id='word_1_171' title='bbox 631 2967 743 3048; x_wconf 78' lang='lat' dir='ltr'>Quum</span> <span class='ocrx_word' id='word_1_172' title='bbox 760 2975 867 3054; x_wconf 87' lang='lat' dir='ltr'>gratia</span> <span class='ocrx_word' id='word_1_173' title='bbox 892 2996 969 3038; x_wconf 88' lang='lat' dir='ltr'>vere</span> <span class='ocrx_word' id='word_1_174' title='bbox 994 2974 1162 3038; x_wconf 89' lang='lat' dir='ltr'>sufficiens</span> <span class='ocrx_word' id='word_1_175' title='bbox 1187 2977 1229 3037; x_wconf 92' lang='lat' dir='ltr'>sit</span> <span class='ocrx_word' id='word_1_176' title='bbox 1246 2975 1378 3053; x_wconf 87' lang='lat' dir='ltr'>victrix,</span> <span class='ocrx_word' id='word_1_177' title='bbox 1405 2972 1587 3036; x_wconf 87' lang='lat' dir='ltr'>haereticum</span> <span class='ocrx_word' id='word_1_178' title='bbox 1626 3011 1627 3032; x_wconf 58' lang='lat'><em>2</em></span> 
     </span>
     <span class='ocr_line' id='line_1_27' title="bbox 484 3065 1627 3156; baseline 0.001 -29"><span class='ocrx_word' id='word_1_179' title='bbox 484 3075 533 3128; x_wconf 88' lang='lat' dir='ltr'>est</span> <span class='ocrx_word' id='word_1_180' title='bbox 557 3065 676 3146; x_wconf 80' lang='lat' dir='ltr'>dicere,</span> <span class='ocrx_word' id='word_1_181' title='bbox 703 3070 731 3131; x_wconf 90' lang='lat' dir='ltr'>ei</span> <span class='ocrx_word' id='word_1_182' title='bbox 757 3091 853 3153; x_wconf 86' lang='lat' dir='ltr'>posse</span> <span class='ocrx_word' id='word_1_183' title='bbox 869 3073 986 3136; x_wconf 88' lang='lat' dir='ltr'>resisti.</span> <span class='ocrx_word' id='word_1_184' title='bbox 1020 3073 1059 3136; x_wconf 94' lang='lat' dir='ltr'>Id</span> <span class='ocrx_word' id='word_1_185' title='bbox 1072 3095 1150 3137; x_wconf 90' lang='lat' dir='ltr'>vero</span> <span class='ocrx_word' id='word_1_186' title='bbox 1169 3071 1327 3135; x_wconf 88' lang='lat' dir='ltr'>dicebant</span> <span class='ocrx_word' id='word_1_187' title='bbox 1337 3067 1586 3156; x_wconf 84' lang='lat' dir='ltr'>Semipelagiani,</span> <span class='ocrx_word' id='word_1_188' title='bbox 1626 3085 1627 3090; x_wconf 51' lang='lat'>¹</span> 
     </span>
     <span class='ocr_line' id='line_1_28' title="bbox 483 3163 1586 3273; baseline 0.002 -47"><span class='ocrx_word' id='word_1_189' title='bbox 483 3163 633 3249; x_wconf 90' lang='lat' dir='ltr'>adeoque</span> <span class='ocrx_word' id='word_1_190' title='bbox 665 3167 698 3230; x_wconf 94' lang='lat' dir='ltr'>in</span> <span class='ocrx_word' id='word_1_191' title='bbox 731 3167 794 3230; x_wconf 93' lang='lat' dir='ltr'>hoc</span> <span class='ocrx_word' id='word_1_192' title='bbox 826 3169 982 3233; x_wconf 88' lang='lat' dir='ltr'>haeretici</span> <span class='ocrx_word' id='word_1_193' title='bbox 1015 3181 1117 3235; x_wconf 87' lang='lat' dir='ltr'>erant.</span> <span class='ocrx_word' id='word_1_194' title='bbox 1166 3169 1303 3238; x_wconf 81' lang='lat' dir='ltr'>Falsum¹</span> <span class='ocrx_word' id='word_1_195' title='bbox 1324 3181 1438 3233; x_wconf 87' lang='lat' dir='ltr'>autem</span> <span class='ocrx_word' id='word_1_196' title='bbox 1463 3179 1517 3248; x_wconf 83' lang='lat' dir='ltr'>est,</span> <span class='ocrx_word' id='word_1_197' title='bbox 1546 3186 1586 3273; x_wconf 79' lang='lat' dir='ltr'>eos</span> 
     </span>
     <span class='ocr_line' id='line_1_29' title="bbox 483 3264 1586 3354; baseline 0 -29"><span class='ocrx_word' id='word_1_198' title='bbox 483 3284 621 3339; x_wconf 81' lang='lat' dir='ltr'>negasse</span> <span class='ocrx_word' id='word_1_199' title='bbox 646 3268 874 3330; x_wconf 86' lang='lat' dir='ltr'>necessitatem</span> <span class='ocrx_word' id='word_1_200' title='bbox 900 3271 1025 3350; x_wconf 87' lang='lat' dir='ltr'>gratiae</span> <span class='ocrx_word' id='word_1_201' title='bbox 1049 3270 1303 3354; x_wconf 81' lang='lat' dir='ltr'>praevenientia.</span> <span class='ocrx_word' id='word_1_202' title='bbox 1352 3268 1488 3352; x_wconf 89' lang='lat' dir='ltr'>Itaque:</span> <span class='ocrx_word' id='word_1_203' title='bbox 1511 3264 1586 3328; x_wconf 75' lang='lat' dir='ltr'>Semt-</span> 
     </span>
     <span class='ocr_line' id='line_1_30' title="bbox 477 3343 1585 3453; baseline -0.003 -29"><span class='ocrx_word' id='word_1_204' title='bbox 477 3343 648 3447; x_wconf 78' lang='lat' dir='ltr'>pelapiaai</span> <span class='ocrx_word' id='word_1_205' title='bbox 678 3364 887 3428; x_wconf 81' lang='lat' dir='ltr'>admittebant</span> <span class='ocrx_word' id='word_1_206' title='bbox 916 3369 1040 3450; x_wconf 69' lang='lat' dir='ltr'>gratiae</span> <span class='ocrx_word' id='word_1_207' title='bbox 1060 3367 1297 3453; x_wconf 77' lang='lat' dir='ltr'>praevenientia</span> <span class='ocrx_word' id='word_1_208' title='bbox 1320 3367 1485 3429; x_wconf 74' lang='lat' dir='ltr'>interioria</span> <span class='ocrx_word' id='word_1_209' title='bbox 1505 3380 1585 3425; x_wconf 80' lang='lat' dir='ltr'>aeres·</span> 
     </span>
     <span class='ocr_line' id='line_1_31' title="bbox 482 3457 1585 3551; baseline -0.005 -29"><span class='ocrx_word' id='word_1_210' title='bbox 482 3461 625 3540; x_wconf 59' lang='lat' dir='ltr'>citatem</span> <span class='ocrx_word' id='word_1_211' title='bbox 656 3473 685 3524; x_wconf 93' lang='lat' dir='ltr'>et</span> <span class='ocrx_word' id='word_1_212' title='bbox 715 3465 750 3525; x_wconf 83' lang='lat' dir='ltr'>ia</span> <span class='ocrx_word' id='word_1_213' title='bbox 780 3465 834 3526; x_wconf 78' lang='lat' dir='ltr'>hee</span> <span class='ocrx_word' id='word_1_214' title='bbox 868 3475 959 3528; x_wconf 82' lang='lat' dir='ltr'>eruat</span> <span class='ocrx_word' id='word_1_215' title='bbox 980 3466 1139 3544; x_wconf 78' lang='lat' dir='ltr'>haeretiei,</span> <span class='ocrx_word' id='word_1_216' title='bbox 1171 3465 1254 3551; x_wconf 80' lang='lat' dir='ltr'>qaod</span> <span class='ocrx_word' id='word_1_217' title='bbox 1283 3462 1397 3528; x_wconf 80' lang='lat' dir='ltr'>veilent</span> <span class='ocrx_word' id='word_1_218' title='bbox 1422 3485 1489 3526; x_wconf 79' lang='lat' dir='ltr'>earn</span> <span class='ocrx_word' id='word_1_219' title='bbox 1512 3457 1585 3522; x_wconf 83' lang='lat' dir='ltr'>talea</span> 
     </span>
     <span class='ocr_line' id='line_1_32' title="bbox 482 3559 1582 3644; baseline -0.006 -24"><span class='ocrx_word' id='word_1_220' title='bbox 482 3580 558 3638; x_wconf 82' lang='lat' dir='ltr'>esee,</span> <span class='ocrx_word' id='word_1_221' title='bbox 590 3559 641 3621; x_wconf 82' lang='lat' dir='ltr'>cai</span> <span class='ocrx_word' id='word_1_222' title='bbox 665 3571 775 3644; x_wconf 75' lang='lat' dir='ltr'>poscet</span> <span class='ocrx_word' id='word_1_223' title='bbox 801 3561 939 3625; x_wconf 75' lang='lat' dir='ltr'>damano</span> <span class='ocrx_word' id='word_1_224' title='bbox 969 3563 1114 3626; x_wconf 82' lang='lat' dir='ltr'>voluutas</span> <span class='ocrx_word' id='word_1_225' title='bbox 1142 3563 1286 3626; x_wconf 76' lang='lat' dir='ltr'>resistere</span> <span class='ocrx_word' id='word_1_226' title='bbox 1309 3559 1359 3625; x_wconf 81' lang='lat' dir='ltr'>vel</span> <span class='ocrx_word' id='word_1_227' title='bbox 1383 3559 1582 3644; x_wconf 81' lang='lat' dir='ltr'>obtemperare.</span> 
     </span>
    </p>
   </div>
   <div class='ocr_carea' id='block_1_10' title="bbox 481 3680 1583 4263">
    <p class='ocr_par' dir='ltr' id='par_1_10' title="bbox 481 3680 1583 4263">
     <span class='ocr_line' id='line_1_33' title="bbox 572 3680 1583 3771; baseline -0.002 -26"><span class='ocrx_word' id='word_1_228' title='bbox 572 3683 603 3746; x_wconf 82' lang='lat'>5.</span> <span class='ocrx_word' id='word_1_229' title='bbox 629 3682 696 3760; x_wconf 78' lang='lat' dir='ltr'>Qui</span> <span class='ocrx_word' id='word_1_230' title='bbox 714 3685 895 3764; x_wconf 87' lang='lat' dir='ltr'>contendit,</span> <span class='ocrx_word' id='word_1_231' title='bbox 921 3685 1090 3750; x_wconf 77' lang='lat' dir='ltr'>Christum</span> <span class='ocrx_word' id='word_1_232' title='bbox 1105 3698 1271 3750; x_wconf 88' lang='lat' dir='ltr'>mortuum</span> <span class='ocrx_word' id='word_1_233' title='bbox 1288 3708 1358 3749; x_wconf 86' lang='lat' dir='ltr'>esse</span> <span class='ocrx_word' id='word_1_234' title='bbox 1375 3708 1436 3771; x_wconf 89' lang='lat' dir='ltr'>pro</span> <span class='ocrx_word' id='word_1_235' title='bbox 1454 3680 1583 3749; x_wconf 86' lang='lat' dir='ltr'>omnibus</span> 
     </span>
     <span class='ocr_line' id='line_1_34' title="bbox 482 3775 1581 3884; baseline -0.002 -41"><span class='ocrx_word' id='word_1_236' title='bbox 482 3779 683 3863; x_wconf 84' lang='lat' dir='ltr'>hominibus,</span> <span class='ocrx_word' id='word_1_237' title='bbox 709 3804 746 3845; x_wconf 91' lang='lat' dir='ltr'>eo</span> <span class='ocrx_word' id='word_1_238' title='bbox 771 3785 842 3868; x_wconf 90' lang='lat' dir='ltr'>ipso</span> <span class='ocrx_word' id='word_1_239' title='bbox 866 3785 1016 3866; x_wconf 85' lang='lat' dir='ltr'>adstruit,</span> <span class='ocrx_word' id='word_1_240' title='bbox 1042 3807 1117 3850; x_wconf 87' lang='lat' dir='ltr'>eum</span> <span class='ocrx_word' id='word_1_241' title='bbox 1138 3786 1355 3871; x_wconf 85' lang='lat' dir='ltr'>acquisivisse</span> <span class='ocrx_word' id='word_1_242' title='bbox 1381 3781 1530 3847; x_wconf 90' lang='lat' dir='ltr'>omnibus</span> <span class='ocrx_word' id='word_1_243' title='bbox 1542 3775 1581 3884; x_wconf 72' lang='lat'>1⁰·</span> 
     </span>
     <span class='ocr_line' id='line_1_35' title="bbox 483 3870 1579 3968; baseline -0.006 -28"><span class='ocrx_word' id='word_1_244' title='bbox 483 3878 628 3942; x_wconf 90' lang='lat' dir='ltr'>minibus</span> <span class='ocrx_word' id='word_1_245' title='bbox 652 3883 792 3964; x_wconf 88' lang='lat' dir='ltr'>gratiam</span> <span class='ocrx_word' id='word_1_246' title='bbox 818 3882 871 3944; x_wconf 90' lang='lat' dir='ltr'>oui</span> <span class='ocrx_word' id='word_1_247' title='bbox 895 3883 1001 3945; x_wconf 89' lang='lat' dir='ltr'>resisti</span> <span class='ocrx_word' id='word_1_248' title='bbox 1028 3885 1151 3968; x_wconf 88' lang='lat' dir='ltr'>nequit,</span> <span class='ocrx_word' id='word_1_249' title='bbox 1178 3893 1301 3945; x_wconf 86' lang='lat' dir='ltr'>etcum</span> <span class='ocrx_word' id='word_1_250' title='bbox 1319 3870 1579 3966; x_wconf 84' lang='lat' dir='ltr'>quaimpossibrle</span> 
     </span>
     <span class='ocr_line' id='line_1_36' title="bbox 483 3973 1578 4063; baseline 0 -25"><span class='ocrx_word' id='word_1_251' title='bbox 483 3986 530 4039; x_wconf 90' lang='lat' dir='ltr'>est</span> <span class='ocrx_word' id='word_1_252' title='bbox 562 3977 723 4042; x_wconf 88' lang='lat' dir='ltr'>damnari.</span> <span class='ocrx_word' id='word_1_253' title='bbox 771 3978 805 4043; x_wconf 87' lang='lat' dir='ltr'>Si</span> <span class='ocrx_word' id='word_1_254' title='bbox 833 3977 982 4042; x_wconf 84' lang='lat' dir='ltr'>Christus</span> <span class='ocrx_word' id='word_1_255' title='bbox 1015 3991 1163 4044; x_wconf 90' lang='lat' dir='ltr'>mortuus</span> <span class='ocrx_word' id='word_1_256' title='bbox 1195 3989 1281 4043; x_wconf 88' lang='lat' dir='ltr'>esset</span> <span class='ocrx_word' id='word_1_257' title='bbox 1304 3981 1406 4042; x_wconf 89' lang='lat' dir='ltr'>etiam</span> <span class='ocrx_word' id='word_1_258' title='bbox 1432 3999 1489 4063; x_wconf 92' lang='lat' dir='ltr'>pro</span> <span class='ocrx_word' id='word_1_259' title='bbox 1512 3973 1578 4036; x_wconf 79' lang='lat' dir='ltr'>dam·</span> 
     </span>
     <span class='ocr_line' id='line_1_37' title="bbox 481 4074 1577 4162; baseline -0.002 -26"><span class='ocrx_word' id='word_1_260' title='bbox 481 4076 578 4154; x_wconf 87' lang='lat' dir='ltr'>natis,</span> <span class='ocrx_word' id='word_1_261' title='bbox 604 4074 682 4138; x_wconf 90' lang='lat' dir='ltr'>inde</span> <span class='ocrx_word' id='word_1_262' title='bbox 699 4086 900 4159; x_wconf 87' lang='lat' dir='ltr'>sequeretur,</span> <span class='ocrx_word' id='word_1_263' title='bbox 924 4078 1050 4160; x_wconf 87' lang='lat' dir='ltr'>gratiae</span> <span class='ocrx_word' id='word_1_264' title='bbox 1074 4101 1169 4162; x_wconf 88' lang='lat' dir='ltr'>posse</span> <span class='ocrx_word' id='word_1_265' title='bbox 1193 4080 1319 4160; x_wconf 81' lang='lat' dir='ltr'>resisti3</span> <span class='ocrx_word' id='word_1_266' title='bbox 1345 4077 1431 4140; x_wconf 86' lang='lat' dir='ltr'>haec</span> <span class='ocrx_word' id='word_1_267' title='bbox 1455 4094 1525 4136; x_wconf 86' lang='lat' dir='ltr'>vero</span> <span class='ocrx_word' id='word_1_268' title='bbox 1543 4087 1577 4129; x_wconf 79' lang='lat' dir='ltr'>as·</span> 
     </span>
     <span class='ocr_line' id='line_1_38' title="bbox 481 4171 1576 4263; baseline -0.005 -30"><span class='ocrx_word' id='word_1_269' title='bbox 481 4173 579 4235; x_wconf 88' lang='lat' dir='ltr'>sertio</span> <span class='ocrx_word' id='word_1_270' title='bbox 611 4172 870 4256; x_wconf 86' lang='lat' dir='ltr'>semipelagiana</span> <span class='ocrx_word' id='word_1_271' title='bbox 900 4183 957 4238; x_wconf 87' lang='lat' dir='ltr'>est.</span> <span class='ocrx_word' id='word_1_272' title='bbox 1006 4175 1095 4238; x_wconf 90' lang='lat' dir='ltr'>Hinc</span> <span class='ocrx_word' id='word_1_273' title='bbox 1126 4178 1243 4239; x_wconf 87' lang='lat' dir='ltr'>etiarn:</span> <span class='ocrx_word' id='word_1_274' title='bbox 1279 4171 1576 4263; x_wconf 76' lang='lat' dir='ltr'>Semipelopiauaum</span> 
     </span>
    </p>
   </div>
   <div class='ocr_carea' id='block_1_11' title="bbox 0 0 1672 4904">
    <p class='ocr_par' dir='ltr' id='par_1_11' title="bbox 0 0 1672 4904">
     <span class='ocr_line' id='line_1_39' title="bbox 0 0 1672 4904; baseline 0 0"><span class='ocrx_word' id='word_1_275' title='bbox 0 0 1672 4904; x_wconf 95' lang='lat' dir='ltr'> </span> 
     </span>
    </p>
   </div>
  </div>
 </body>
</html>
