3020 4908
376 469 417 522 De
435 467 612 523 Pontificibus
631 468 730 522 saeculi
749 469 853 522 XVIII.
1122 469 1174 524 387

74 614 275 675 constitutione
305 611 354 675 uel
377 611 493 675 litteris
523 612 676 694 nominet,
712 613 856 691 honoret,
891 636 945 676 scu
974 614 1082 697 quouis
1110 613 1174 677 ulio
1186 614 1346 718 ἔὲξξὲἐζζζῗ
1378 622 1380 626 ’

73 709 151 771 uodo
174 720 292 790 tractet,
313 732 373 795 per
395 710 449 772 hoc
472 710 507 773 iu
529 709 684 795 dipuitute
707 708 767 773 illa
790 711 895 795 ipsam
918 710 1098 795 approhare
1113 734 1177 775 nou

72 805 254 893 intellipatur
277 819 332 872 aut
347 807 517 892 quidquam
533 809 563 870 ci
578 807 713 871 tribucre
728 809 803 872 noui
817 809 914 895 juris.
953 806 1176 872 Nihilominus

71 902 230 989 Philippus
254 905 285 968 V
315 905 378 969 hac
412 906 453 969 de
476 928 513 968 re
544 905 773 969 vehementem
807 905 1071 988 indignationem
1102 929 1176 970 con·

71 1003 156 1086 oepit,
180 1013 210 1066 et
230 1004 331 1067 variis
348 1003 455 1068 modis
471 1003 667 1067 Pontificem
689 1004 836 1082 vexavit,
860 1002 1044 1089 Oratorque
1061 1003 1177 1068 Gallus

69 1099 195 1163 Romam
219 1100 404 1187 dereliquit.
453 1101 565 1181 Quum
584 1123 663 1164 vero
687 1100 822 1164 tandem
843 1124 872 1166 a.
900 1102 984 1166 1713
1003 1101 1176 1188 Ultrajecti

69 1219 127 1280 pax
149 1196 399 1262 concluderetur
422 1221 506 1284 quae
530 1220 617 1263 anno
642 1208 799 1284 sequente
815 1198 965 1263 Rastadii
983 1200 1176 1264 confirmata

68 1304 124 1377 est,
154 1318 218 1361 non
244 1295 349 1361 solum
374 1296 465 1360 nulla
488 1298 571 1360 ratic
605 1295 720 1360 habita
744 1305 793 1360 est
815 1296 986 1360 Pontificis
1015 1306 1175 1383 tanquam

67 1392 170 1456 arbitri
201 1397 287 1458 inter
307 1394 499 1480 principes,
536 1393 594 1457 sed
624 1395 723 1458 etiam
756 1393 797 1457 de
821 1394 935 1459 Sicilia
966 1404 999 1458 et
1021 1393 1176 1460 Sardinia

66 1490 94 1557 S.
116 1492 207 1556 Sedis
230 1492 339 1558 feudis
363 1513 422 1576 pro
446 1491 582 1556 arbitrio
607 1514 646 1554 ac
662 1492 824 1556 Pontifice
848 1514 915 1556 non
939 1493 1086 1556 consulto
1109 1492 1175 1564 ¹dis-

65 1591 196 1671 positum
213 1593 286 1655 fuit.
321 1588 450 1653 Eadem
463 1591 589 1652 ratione
604 1590 728 1674 pariter
741 1588 850 1674 quoad
864 1588 1021 1652 ducatum
1034 1590 1175 1655 Parmae

65 1695 92 1748 et
112 1687 316 1770 Placentiae,
348 1686 486 1750 feudum
511 1686 543 1752 S.
569 1687 683 1769 Sedis,
716 1690 858 1772 seposita
882 1689 972 1751 omni
1000 1690 1034 1751 in
1057 1687 1175 1754 Roma-

64 1806 134 1848 num
150 1786 346 1851 Pontificem
370 1787 568 1867 reverentia,
592 1787 760 1870 principes
775 1794 922 1869 egerunt.
970 1783 1026 1848 Sic
1049 1785 1175 1851 factum

64 1890 120 1964 est,
150 1894 185 1946 ut
208 1886 389 1948 auctoritas
412 1884 469 1947 illa
500 1907 599 1970 quam
623 1884 802 1948 Pontifices
833 1886 868 1946 in
891 1883 989 1947 rebus
1019 1885 1174 1969 politicis,

63 1983 244 2061 praesertim
278 1984 314 2046 in
347 1981 570 2046 simultatibus
611 1984 698 2046 inter
730 1983 865 2046 domum
898 1980 1110 2045 Austriacam
1143 1993 1176 2046 et

61 2099 144 2162 reges
167 2078 299 2144 Galliae
324 2090 557 2162 exercuerant,
586 2082 720 2166 penitus
745 2081 950 2159 concideret,
983 2081 1049 2143 imo
1074 2082 1175 2144 etiam

62 2175 216 2241 infiuxum
242 2200 338 2242 suum
362 2177 534 2263 politicum
566 2180 675 2243 iures
699 2178 816 2242 Italiae
839 2178 1017 2242 Pontifices
1048 2181 1175 2243 amitte-

60 2285 132 2342 rent.
169 2276 317 2339 ¹Interim
342 2297 420 2340 vero
445 2276 592 2340 influxus
616 2298 793 2360 regnorum
809 2275 1066 2340 acatholicorum
1085 2276 1174 2360 Ang-

59 2369 131 2456 liae,
164 2374 328 2437 Bataviae
361 2383 393 2437 et
425 2375 615 2458 principum
648 2377 901 2460 protestantium
934 2375 969 2437 in
993 2373 1175 2439 Germania

59 2471 158 2554 quoad
182 2494 235 2536 res
258 2472 410 2557 publicas
435 2472 573 2536 multum
599 2475 714 2538 crevit.

140 2570 191 2634 14.
239 2569 350 2633 Etiam
391 2570 501 2655 quoad
534 2571 791 2660 jurisdictionem
824 2571 1067 2634 ecclesiasticam
1102 2580 1173 2634 tum

59 2661 213 2731 Clementi
239 2667 291 2732 XI
320 2676 391 2730 tum
422 2669 667 2732 successoribus
698 2669 769 2754 ejus
793 2669 960 2754 principes
990 2670 1174 2752 usurpatio-

57 2763 147 2829 nibus
177 2767 247 2830 suis
270 2763 430 2850 plurimas
462 2776 616 2830 crearunt
641 2767 816 2831 molestias.
864 2766 958 2830 Haec
988 2767 1077 2828 enim
1105 2774 1173 2829 ten-

57 2859 161 2926 dentia
185 2866 355 2928 invaserat
378 2865 561 2948 principes,
594 2874 631 2927 ut
648 2866 727 2950 jura
752 2865 784 2930 S.
809 2863 904 2928 Sedis
928 2884 994 2927 non
1019 2885 1172 2946 agnosce-

55 2969 135 3045 rent,
160 2961 291 3046 sibique
315 2963 350 3024 in
374 2963 546 3024 territoriis
571 2963 638 3026 suis
663 2963 847 3027 Ecclesiam
873 2962 978 3045 magis
1002 2963 1177 3048 magisque¹

56 3057 262 3143 subjicerent.
309 3058 383 3122 Tali
402 3059 499 3123 modo
525 3060 622 3124 simul
647 3063 830 3126 vindictam
856 3058 1035 3148 quamdam
1059 3060 1172 3124 viden-

54 3163 101 3218 tur
123 3157 269 3220 voluisse
301 3179 447 3239 sumere,
480 3159 613 3244 quando
638 3161 814 3224 Pontifices
844 3165 953 3229 minus
976 3167 1057 3250 ipsis
1086 3168 1172 3250 grati

54 3263 150 3320 erant.
200 3255 256 3320 Sic
288 3277 364 3320 cum
388 3257 590 3343 Imperatore
614 3259 761 3344 Josephc
786 3260 802 3324 Ι
825 3261 931 3347 litigia
961 3264 1078 3328 habuit
1102 3264 1172 3328 Ole-

53 3370 140 3414 mens
164 3361 300 3438 propter
323 3359 381 3443 jus
400 3357 580 3441 primarum
597 3381 738 3442 precum.
786 3358 991 3425 Vindicabat
1021 3363 1084 3426 sibi
1107 3362 1173 3426 Im-

52 3458 181 3530 perator
205 3473 247 3513 ex
271 3454 409 3537 antiqua
426 3455 665 3518 consuetudine
684 3455 740 3540 jus
757 3457 951 3522 nominandi
967 3458 1010 3522 ad
1026 3462 1171 3544 primum

52 3543 266 3628 beneficium,
300 3551 388 3634 quod
420 3560 495 3636 post
519 3563 708 3637 susceptum
740 3553 878 3640 abipso
904 3556 1104 3642 gubernium
1135 3561 1170 3622 in

51 3645 203 3728 capitulis
227 3659 370 3714 vacaret.
419 3649 575 3713 Pontifex
599 3651 797 3735 postulabat,
822 3663 858 3716 ut
881 3652 1043 3718 Indulturn
1067 3657 1174 3740 ipsius

51 3741 89 3804 ab
114 3743 317 3828 Imperatore
341 3756 526 3830 peteretur,
559 3748 592 3811 id
618 3770 696 3812 vero
720 3751 887 3835 Josephus
910 3752 926 3815 Ι
949 3752 1057 3816 facere
1080 3776 1173 3818 recu-

51 3839 159 3920 sabat,
198 3841 287 3905 unde
326 3841 470 3926 litigium
506 3845 678 3913 molestum
722 3857 872 3911 exortum
909 3859 966 3914 est.
1019 3851 1170 3930 Tandem

50 3937 234 4022 imperator
264 3939 471 4026 aliquatenus
505 3945 617 4026 cessit,
654 3953 769 4029 petens
793 3968 812 4008 a
837 3947 1005 4029 Pontifici,
1041 3958 1078 4012 ut
1107 3951 1171 4035 ipsi

50 4055 145 4100 omne
183 4036 215 4100 id
252 4038 495 4121 indulgeretur,
536 4041 624 4126 quod
660 4043 840 4126 majoribus
876 4047 942 4108 suis
978 4069 1173 4112 concessum

50 4132 166 4197 fuerat.
183 4171 223 4180 —
238 4135 288 4198 De
299 4138 487 4202 Mounichia
499 4137 607 4202 Sicula
620 4142 743 4224 pariter
755 4139 906 4206 Clemens
920 4165 1038 4226 graves
1053 4144 1173 4209 habuit

51 4229 274 4297 difficultates.
324 4233 433 4314 Quum
460 4238 548 4300 enim
563 4236 679 4300 Victor
696 4238 864 4303 Amadeus
888 4238 1076 4306 Sabaudiae
1101 4243 1172 4306 dux

1012 4347 1062 4400 25*
