<?xml version="1.0" encoding="UTF-8"?>
<!DOCTYPE html PUBLIC "-//W3C//DTD XHTML 1.0 Transitional//EN"
    "http://www.w3.org/TR/xhtml1/DTD/xhtml1-transitional.dtd">
<html xmlns="http://www.w3.org/1999/xhtml" xml:lang="en" lang="en">
 <head>
  <title>
</title>
<meta http-equiv="Content-Type" content="text/html;charset=utf-8" />
  <meta name='ocr-system' content='tesseract 3.04.00' />
  <meta name='ocr-capabilities' content='ocr_page ocr_carea ocr_par ocr_line ocrx_word'/>
</head>
<body>
  <div class='ocr_page' id='page_1' title='image "./dissertationess03junggoog_0123.png"; bbox 0 0 3288 4900; ppageno 0'>
   <div class='ocr_carea' id='block_1_1' title="bbox 116 284 120 1215">
    <p class='ocr_par' dir='ltr' id='par_1_1' title="bbox 116 284 120 1215">
     <span class='ocr_line' id='line_1_1' title="bbox 116 284 120 1215; baseline 0 0"><span class='ocrx_word' id='word_1_1' title='bbox 116 284 120 1215; x_wconf 95' lang='lat' dir='ltr'> </span> 
     </span>
    </p>
   </div>
   <div class='ocr_carea' id='block_1_2' title="bbox 116 284 120 1215">
    <p class='ocr_par' dir='ltr' id='par_1_2' title="bbox 116 284 120 1215">
     <span class='ocr_line' id='line_1_2' title="bbox 116 284 120 1215; baseline 0 0"><span class='ocrx_word' id='word_1_2' title='bbox 116 284 120 1215; x_wconf 95' lang='lat' dir='ltr'> </span> 
     </span>
    </p>
   </div>
   <div class='ocr_carea' id='block_1_3' title="bbox 116 284 120 1215">
    <p class='ocr_par' dir='ltr' id='par_1_3' title="bbox 116 284 120 1215">
     <span class='ocr_line' id='line_1_3' title="bbox 116 284 120 1215; baseline 0 0"><span class='ocrx_word' id='word_1_3' title='bbox 116 284 120 1215; x_wconf 95' lang='lat' dir='ltr'> </span> 
     </span>
    </p>
   </div>
   <div class='ocr_carea' id='block_1_4' title="bbox 81 960 86 1544">
    <p class='ocr_par' dir='ltr' id='par_1_4' title="bbox 81 960 86 1544">
     <span class='ocr_line' id='line_1_4' title="bbox 81 960 86 1544; baseline 0 0"><span class='ocrx_word' id='word_1_4' title='bbox 81 960 86 1544; x_wconf 95' lang='lat' dir='ltr'> </span> 
     </span>
    </p>
   </div>
   <div class='ocr_carea' id='block_1_5' title="bbox 62 1192 67 1694">
    <p class='ocr_par' dir='ltr' id='par_1_5' title="bbox 62 1192 67 1694">
     <span class='ocr_line' id='line_1_5' title="bbox 62 1192 67 1694; baseline 0 0"><span class='ocrx_word' id='word_1_5' title='bbox 62 1192 67 1694; x_wconf 95' lang='lat' dir='ltr'> </span> 
     </span>
    </p>
   </div>
   <div class='ocr_carea' id='block_1_6' title="bbox 24 1732 30 2283">
    <p class='ocr_par' dir='ltr' id='par_1_6' title="bbox 24 1732 30 2283">
     <span class='ocr_line' id='line_1_6' title="bbox 24 1732 30 2283; baseline 0 0"><span class='ocrx_word' id='word_1_6' title='bbox 24 1732 30 2283; x_wconf 95' lang='lat' dir='ltr'> </span> 
     </span>
    </p>
   </div>
   <div class='ocr_carea' id='block_1_7' title="bbox 60 1856 71 2422">
    <p class='ocr_par' dir='ltr' id='par_1_7' title="bbox 60 1856 71 2422">
     <span class='ocr_line' id='line_1_7' title="bbox 60 1856 71 2422; baseline 0 0"><span class='ocrx_word' id='word_1_7' title='bbox 60 1856 71 2422; x_wconf 95' lang='lat' dir='ltr'> </span> 
     </span>
    </p>
   </div>
   <div class='ocr_carea' id='block_1_8' title="bbox 61 1856 66 2427">
    <p class='ocr_par' dir='ltr' id='par_1_8' title="bbox 61 1856 66 2427">
     <span class='ocr_line' id='line_1_8' title="bbox 61 1856 66 2427; baseline 0 0"><span class='ocrx_word' id='word_1_8' title='bbox 61 1856 66 2427; x_wconf 95' lang='lat' dir='ltr'> </span> 
     </span>
    </p>
   </div>
   <div class='ocr_carea' id='block_1_9' title="bbox 63 1856 69 2427">
    <p class='ocr_par' dir='ltr' id='par_1_9' title="bbox 63 1856 69 2427">
     <span class='ocr_line' id='line_1_9' title="bbox 63 1856 69 2427; baseline 0 0"><span class='ocrx_word' id='word_1_9' title='bbox 63 1856 69 2427; x_wconf 95' lang='lat' dir='ltr'> </span> 
     </span>
    </p>
   </div>
   <div class='ocr_carea' id='block_1_10' title="bbox 67 2754 78 3571">
    <p class='ocr_par' dir='ltr' id='par_1_10' title="bbox 67 2754 78 3571">
     <span class='ocr_line' id='line_1_10' title="bbox 67 2754 78 3571; baseline 0 0"><span class='ocrx_word' id='word_1_10' title='bbox 67 2754 78 3571; x_wconf 95' lang='lat' dir='ltr'> </span> 
     </span>
    </p>
   </div>
   <div class='ocr_carea' id='block_1_11' title="bbox 22 3333 35 4414">
    <p class='ocr_par' dir='ltr' id='par_1_11' title="bbox 22 3333 35 4414">
     <span class='ocr_line' id='line_1_11' title="bbox 22 3333 35 4414; baseline 0 0"><span class='ocrx_word' id='word_1_11' title='bbox 22 3333 35 4414; x_wconf 95' lang='lat' dir='ltr'> </span> 
     </span>
    </p>
   </div>
   <div class='ocr_carea' id='block_1_12' title="bbox 291 1891 411 1932">
    <p class='ocr_par' dir='ltr' id='par_1_12' title="bbox 291 1891 411 1932">
     <span class='ocr_line' id='line_1_12' title="bbox 291 1891 411 1932; baseline -0.008 0"><span class='ocrx_word' id='word_1_12' title='bbox 291 1891 411 1932; x_wconf 81' lang='lat' dir='ltr'>Sessiones</span> 
     </span>
    </p>
   </div>
   <div class='ocr_carea' id='block_1_13' title="bbox 311 1956 432 1997">
    <p class='ocr_par' dir='ltr' id='par_1_13' title="bbox 311 1956 432 1997">
     <span class='ocr_line' id='line_1_13' title="bbox 311 1956 432 1997; baseline 0.033 -4"><span class='ocrx_word' id='word_1_13' title='bbox 311 1956 396 1994; x_wconf 83' lang='lat' dir='ltr'>variae.</span> <span class='ocrx_word' id='word_1_14' title='bbox 428 1989 432 1997; x_wconf 77' lang='lat'>.</span> 
     </span>
    </p>
   </div>
   <div class='ocr_carea' id='block_1_14' title="bbox 444 470 1298 525">
    <p class='ocr_par' dir='ltr' id='par_1_14' title="bbox 444 470 1298 525">
     <span class='ocr_line' id='line_1_14' title="bbox 444 470 1298 525; baseline 0.001 -3"><span class='ocrx_word' id='word_1_15' title='bbox 444 471 495 523; x_wconf 88' lang='grc'>110</span> <span class='ocrx_word' id='word_1_16' title='bbox 757 470 914 525; x_wconf 78' lang='lat' dir='ltr'>XXXVIII.</span> <span class='ocrx_word' id='word_1_17' title='bbox 935 471 974 524; x_wconf 86' lang='lat' dir='ltr'>De</span> <span class='ocrx_word' id='word_1_18' title='bbox 994 470 1113 524; x_wconf 82' lang='lat' dir='ltr'>Concilio</span> <span class='ocrx_word' id='word_1_19' title='bbox 1131 470 1298 525; x_wconf 77' lang='lat' dir='ltr'>Tridentino.</span> 
     </span>
    </p>
   </div>
   <div class='ocr_carea' id='block_1_15' title="bbox 441 613 1559 1877">
    <p class='ocr_par' dir='ltr' id='par_1_15' title="bbox 441 613 1559 1877">
     <span class='ocr_line' id='line_1_15' title="bbox 441 613 1554 702; baseline 0.004 -26"><span class='ocrx_word' id='word_1_20' title='bbox 441 615 560 676; x_wconf 86' lang='lat' dir='ltr'>aerarii</span> <span class='ocrx_word' id='word_1_21' title='bbox 574 613 742 676; x_wconf 89' lang='lat' dir='ltr'>Pontificii</span> <span class='ocrx_word' id='word_1_22' title='bbox 758 624 918 699; x_wconf 80' lang='lat' dir='ltr'><strong>parceret,</strong></span> <span class='ocrx_word' id='word_1_23' title='bbox 943 627 1012 677; x_wconf 89' lang='lat' dir='ltr'>tum</span> <span class='ocrx_word' id='word_1_24' title='bbox 1031 615 1119 699; x_wconf 92' lang='lat' dir='ltr'>quod</span> <span class='ocrx_word' id='word_1_25' title='bbox 1143 614 1366 679; x_wconf 87' lang='lat' dir='ltr'>existimabat.</span> <span class='ocrx_word' id='word_1_26' title='bbox 1391 616 1554 702; x_wconf 86' lang='lat' dir='ltr'>aequalem</span> 
     </span>
     <span class='ocr_line' id='line_1_16' title="bbox 442 711 1556 798; baseline 0.003 -24"><span class='ocrx_word' id='word_1_27' title='bbox 442 714 475 775; x_wconf 93' lang='lat' dir='ltr'>in</span> <span class='ocrx_word' id='word_1_28' title='bbox 501 713 664 796; x_wconf 83' lang='lat' dir='ltr'>supremis</span> <span class='ocrx_word' id='word_1_29' title='bbox 687 711 821 776; x_wconf 88' lang='lat' dir='ltr'>arbitris</span> <span class='ocrx_word' id='word_1_30' title='bbox 845 714 1075 776; x_wconf 88' lang='lat' dir='ltr'>auctoritatem</span> <span class='ocrx_word' id='word_1_31' title='bbox 1092 734 1163 776; x_wconf 90' lang='lat' dir='ltr'>esse</span> <span class='ocrx_word' id='word_1_32' title='bbox 1180 713 1488 798; x_wconf 79' lang='lat' dir='ltr'>perturbationibus</span> <span class='ocrx_word' id='word_1_33' title='bbox 1509 715 1556 777; x_wconf 94' lang='lat' dir='ltr'>ob·</span> 
     </span>
     <span class='ocr_line' id='line_1_17' title="bbox 442 802 1557 895; baseline 0.001 -22"><span class='ocrx_word' id='word_1_34' title='bbox 442 811 595 892; x_wconf 82' lang='lat' dir='ltr'>noxiam3</span> <span class='ocrx_word' id='word_1_35' title='bbox 628 810 691 894; x_wconf 92' lang='lat' dir='ltr'>ipsi</span> <span class='ocrx_word' id='word_1_36' title='bbox 722 819 833 873; x_wconf 88' lang='lat' dir='ltr'>tamen</span> <span class='ocrx_word' id='word_1_37' title='bbox 863 802 987 894; x_wconf 83' lang='lat' dir='ltr'>adjecit</span> <span class='ocrx_word' id='word_1_38' title='bbox 1010 812 1066 895; x_wconf 91' lang='lat' dir='ltr'>qui</span> <span class='ocrx_word' id='word_1_39' title='bbox 1091 811 1228 874; x_wconf 89' lang='lat' dir='ltr'>consilio</span> <span class='ocrx_word' id='word_1_40' title='bbox 1254 821 1286 874; x_wconf 88' lang='lat' dir='ltr'>et</span> <span class='ocrx_word' id='word_1_41' title='bbox 1311 812 1422 876; x_wconf 89' lang='lat' dir='ltr'>decori</span> <span class='ocrx_word' id='word_1_42' title='bbox 1447 824 1557 886; x_wconf 74' lang='lat' dir='ltr'>essent,</span> 
     </span>
     <span class='ocr_line' id='line_1_18' title="bbox 442 907 1557 995; baseline 0.003 -25"><span class='ocrx_word' id='word_1_43' title='bbox 442 907 525 971; x_wconf 92' lang='lat' dir='ltr'>duos</span> <span class='ocrx_word' id='word_1_44' title='bbox 561 907 732 992; x_wconf 89' lang='lat' dir='ltr'>praesides</span> <span class='ocrx_word' id='word_1_45' title='bbox 766 930 809 971; x_wconf 87' lang='lat' dir='ltr'>ex</span> <span class='ocrx_word' id='word_1_46' title='bbox 847 909 962 972; x_wconf 89' lang='lat' dir='ltr'>ordine</span> <span class='ocrx_word' id='word_1_47' title='bbox 1001 911 1246 995; x_wconf 88' lang='lat' dir='ltr'>episcoporum,</span> <span class='ocrx_word' id='word_1_48' title='bbox 1285 921 1316 974; x_wconf 92' lang='lat' dir='ltr'>et</span> <span class='ocrx_word' id='word_1_49' title='bbox 1356 913 1390 975; x_wconf 93' lang='lat' dir='ltr'>in</span> <span class='ocrx_word' id='word_1_50' title='bbox 1425 911 1557 976; x_wconf 88' lang='lat' dir='ltr'>Concilii</span> 
     </span>
     <span class='ocr_line' id='line_1_19' title="bbox 441 1004 1558 1094; baseline 0.002 -25"><span class='ocrx_word' id='word_1_51' title='bbox 441 1006 679 1088; x_wconf 84' lang='lat' dir='ltr'>functionibus,</span> <span class='ocrx_word' id='word_1_52' title='bbox 705 1007 785 1070; x_wconf 90' lang='lat' dir='ltr'>etin</span> <span class='ocrx_word' id='word_1_53' title='bbox 803 1004 1004 1070; x_wconf 80' lang='lat' dir='ltr'>Germaniae</span> <span class='ocrx_word' id='word_1_54' title='bbox 1029 1009 1170 1091; x_wconf 83' lang='lat' dir='ltr'>negotiis</span> <span class='ocrx_word' id='word_1_55' title='bbox 1191 1007 1261 1092; x_wconf 86' lang='lat' dir='ltr'>jam</span> <span class='ocrx_word' id='word_1_56' title='bbox 1286 1018 1441 1094; x_wconf 87' lang='lat' dir='ltr'>expertos</span> <span class='ocrx_word' id='word_1_57' title='bbox 1465 1011 1558 1073; x_wconf 90' lang='lat' dir='ltr'>omni-</span> 
     </span>
     <span class='ocr_line' id='line_1_20' title="bbox 441 1104 1557 1191; baseline 0.002 -25"><span class='ocrx_word' id='word_1_58' title='bbox 441 1126 504 1189; x_wconf 89' lang='lat' dir='ltr'>que</span> <span class='ocrx_word' id='word_1_59' title='bbox 529 1106 661 1168; x_wconf 87' lang='lat' dir='ltr'>virtutis</span> <span class='ocrx_word' id='word_1_60' title='bbox 691 1104 791 1168; x_wconf 87' lang='lat' dir='ltr'>laude</span> <span class='ocrx_word' id='word_1_61' title='bbox 815 1106 1025 1189; x_wconf 90' lang='lat' dir='ltr'>conspicuos,</span> <span class='ocrx_word' id='word_1_62' title='bbox 1057 1104 1289 1170; x_wconf 77' lang='lat' dir='ltr'>Sebastianum</span> <span class='ocrx_word' id='word_1_63' title='bbox 1314 1107 1496 1191; x_wconf 87' lang='lat' dir='ltr'>Pighinum</span> <span class='ocrx_word' id='word_1_64' title='bbox 1519 1105 1557 1169; x_wconf 90' lang='lat' dir='ltr'>Si·</span> 
     </span>
     <span class='ocr_line' id='line_1_21' title="bbox 441 1202 1557 1289; baseline 0.001 -23"><span class='ocrx_word' id='word_1_65' title='bbox 441 1207 616 1288; x_wconf 91' lang='lat' dir='ltr'>pontinum</span> <span class='ocrx_word' id='word_1_66' title='bbox 640 1202 938 1288; x_wconf 89' lang='lat' dir='ltr'>archiepiscopum,</span> <span class='ocrx_word' id='word_1_67' title='bbox 964 1214 995 1266; x_wconf 92' lang='lat' dir='ltr'>et</span> <span class='ocrx_word' id='word_1_68' title='bbox 1019 1203 1193 1288; x_wconf 86' lang='lat' dir='ltr'>Aloysium</span> <span class='ocrx_word' id='word_1_69' title='bbox 1218 1205 1443 1289; x_wconf 87' lang='lat' dir='ltr'>Lipomauum</span> <span class='ocrx_word' id='word_1_70' title='bbox 1469 1205 1557 1267; x_wconf 89' lang='lat' dir='ltr'>Vero-</span> 
     </span>
     <span class='ocr_line' id='line_1_22' title="bbox 441 1300 1556 1386; baseline -0.001 -22"><span class='ocrx_word' id='word_1_71' title='bbox 441 1321 577 1364; x_wconf 86' lang='lat' dir='ltr'>nensum</span> <span class='ocrx_word' id='word_1_72' title='bbox 602 1301 806 1386; x_wconf 89' lang='lat' dir='ltr'>episcopum.</span> <span class='ocrx_word' id='word_1_73' title='bbox 842 1301 953 1386; x_wconf 87' lang='lat' dir='ltr'>Atque</span> <span class='ocrx_word' id='word_1_74' title='bbox 976 1300 1040 1364; x_wconf 93' lang='lat' dir='ltr'>bac</span> <span class='ocrx_word' id='word_1_75' title='bbox 1063 1301 1201 1365; x_wconf 87' lang='lat' dir='ltr'>fortasse</span> <span class='ocrx_word' id='word_1_76' title='bbox 1225 1304 1352 1367; x_wconf 87' lang='lat' dir='ltr'>ratione</span> <span class='ocrx_word' id='word_1_77' title='bbox 1370 1302 1556 1381; x_wconf 78' lang='lat' dir='ltr'>crediderat,</span> 
     </span>
     <span class='ocr_line' id='line_1_23' title="bbox 442 1397 1557 1486; baseline -0.001 -23"><span class='ocrx_word' id='word_1_78' title='bbox 442 1399 543 1478; x_wconf 86' lang='lat' dir='ltr'>decus</span> <span class='ocrx_word' id='word_1_79' title='bbox 567 1397 664 1461; x_wconf 88' lang='lat' dir='ltr'>simul</span> <span class='ocrx_word' id='word_1_80' title='bbox 689 1408 720 1461; x_wconf 92' lang='lat' dir='ltr'>et</span> <span class='ocrx_word' id='word_1_81' title='bbox 745 1398 897 1463; x_wconf 90' lang='lat' dir='ltr'>solatium</span> <span class='ocrx_word' id='word_1_82' title='bbox 929 1399 1066 1463; x_wconf 85' lang='lat' dir='ltr'>allatum</span> <span class='ocrx_word' id='word_1_83' title='bbox 1090 1400 1130 1462; x_wconf 93' lang='lat' dir='ltr'>iri</span> <span class='ocrx_word' id='word_1_84' title='bbox 1155 1401 1310 1463; x_wconf 88' lang='lat' dir='ltr'>universo</span> <span class='ocrx_word' id='word_1_85' title='bbox 1336 1403 1557 1486; x_wconf 91' lang='lat' dir='ltr'>episcoporum</span> 
     </span>
     <span class='ocr_line' id='line_1_24' title="bbox 442 1495 1557 1584; baseline -0.001 -24"><span class='ocrx_word' id='word_1_86' title='bbox 442 1495 560 1578; x_wconf 88' lang='lat' dir='ltr'>ordini,</span> <span class='ocrx_word' id='word_1_87' title='bbox 586 1496 831 1581; x_wconf 84' lang='lat' dir='ltr'>suspicionibus</span> <span class='ocrx_word' id='word_1_88' title='bbox 855 1499 978 1581; x_wconf 87' lang='lat' dir='ltr'>agitato</span> <span class='ocrx_word' id='word_1_89' title='bbox 1002 1499 1037 1561; x_wconf 90' lang='lat' dir='ltr'>in</span> <span class='ocrx_word' id='word_1_90' title='bbox 1054 1499 1215 1582; x_wconf 82' lang='lat' dir='ltr'>superiori</span> <span class='ocrx_word' id='word_1_91' title='bbox 1233 1497 1360 1584; x_wconf 85' lang='lat' dir='ltr'>Synodi</span> <span class='ocrx_word' id='word_1_92' title='bbox 1385 1507 1557 1578; x_wconf 87' lang='lat' dir='ltr'>conventu,</span> 
     </span>
     <span class='ocr_line' id='line_1_25' title="bbox 443 1594 1557 1680; baseline -0.002 -21"><span class='ocrx_word' id='word_1_93' title='bbox 443 1617 484 1659; x_wconf 90' lang='lat' dir='ltr'>ne</span> <span class='ocrx_word' id='word_1_94' title='bbox 518 1594 598 1680; x_wconf 93' lang='lat' dir='ltr'>quid</span> <span class='ocrx_word' id='word_1_95' title='bbox 633 1596 714 1678; x_wconf 89' lang='lat' dir='ltr'>ipsis</span> <span class='ocrx_word' id='word_1_96' title='bbox 747 1594 849 1659; x_wconf 81' lang='lat' dir='ltr'>Sedes</span> <span class='ocrx_word' id='word_1_97' title='bbox 880 1594 1073 1680; x_wconf 86' lang='lat' dir='ltr'>Apostolica</span> <span class='ocrx_word' id='word_1_98' title='bbox 1108 1595 1302 1680; x_wconf 85' lang='lat' dir='ltr'>derogatum</span> <span class='ocrx_word' id='word_1_99' title='bbox 1327 1595 1451 1678; x_wconf 76' lang='lat' dir='ltr'>relisi,</span> <span class='ocrx_word' id='word_1_100' title='bbox 1491 1618 1557 1660; x_wconf 90' lang='lat' dir='ltr'>cum</span> 
     </span>
     <span class='ocr_line' id='line_1_26' title="bbox 443 1692 1559 1774; baseline -0.002 -17"><span class='ocrx_word' id='word_1_101' title='bbox 443 1694 545 1757; x_wconf 90' lang='lat' dir='ltr'>iidem</span> <span class='ocrx_word' id='word_1_102' title='bbox 577 1715 667 1756; x_wconf 89' lang='lat' dir='ltr'>nunc</span> <span class='ocrx_word' id='word_1_103' title='bbox 701 1703 882 1774; x_wconf 85' lang='lat' dir='ltr'>cernerent,</span> <span class='ocrx_word' id='word_1_104' title='bbox 916 1714 950 1756; x_wconf 88' lang='lat' dir='ltr'>se</span> <span class='ocrx_word' id='word_1_105' title='bbox 981 1694 1023 1756; x_wconf 90' lang='lat' dir='ltr'>ad</span> <span class='ocrx_word' id='word_1_106' title='bbox 1057 1693 1251 1757; x_wconf 88' lang='lat' dir='ltr'>Praesidum</span> <span class='ocrx_word' id='word_1_107' title='bbox 1283 1694 1396 1758; x_wconf 91' lang='lat' dir='ltr'>sedem</span> <span class='ocrx_word' id='word_1_108' title='bbox 1434 1692 1478 1757; x_wconf 88' lang='lat' dir='ltr'>ab</span> <span class='ocrx_word' id='word_1_109' title='bbox 1511 1693 1559 1756; x_wconf 89' lang='lat' dir='ltr'>illa</span> 
     </span>
     <span class='ocr_line' id='line_1_27' title="bbox 442 1800 618 1877; baseline 0 -23"><span class='ocrx_word' id='word_1_110' title='bbox 442 1800 618 1877; x_wconf 76' lang='lat' dir='ltr'>promotos,</span> 
     </span>
    </p>
   </div>
   <div class='ocr_carea' id='block_1_16' title="bbox 534 1886 1623 1979">
    <p class='ocr_par' dir='ltr' id='par_1_16' title="bbox 534 1886 1623 1979">
     <span class='ocr_line' id='line_1_28' title="bbox 534 1886 1623 1979; baseline -0.002 -27"><span class='ocrx_word' id='word_1_111' title='bbox 534 1889 587 1954; x_wconf 78' lang='lat'>64.</span> <span class='ocrx_word' id='word_1_112' title='bbox 635 1886 760 1951; x_wconf 89' lang='lat' dir='ltr'>Habita</span> <span class='ocrx_word' id='word_1_113' title='bbox 792 1899 841 1952; x_wconf 86' lang='lat' dir='ltr'>est</span> <span class='ocrx_word' id='word_1_114' title='bbox 870 1890 967 1952; x_wconf 81' lang='lat' dir='ltr'>sessio</span> <span class='ocrx_word' id='word_1_115' title='bbox 997 1890 1172 1966; x_wconf 82' lang='lat' dir='ltr'>undecimo,</span> <span class='ocrx_word' id='word_1_116' title='bbox 1212 1911 1278 1975; x_wconf 94' lang='lat' dir='ltr'>qua</span> <span class='ocrx_word' id='word_1_117' title='bbox 1302 1889 1491 1953; x_wconf 87' lang='lat' dir='ltr'>Concilium</span> <span class='ocrx_word' id='word_1_118' title='bbox 1518 1910 1557 1979; x_wconf 81' lang='lat' dir='ltr'>re·</span> <span class='ocrx_word' id='word_1_119' title='bbox 1622 1919 1623 1922; x_wconf 38' lang='lat'>¹</span> 
     </span>
    </p>
   </div>
   <div class='ocr_carea' id='block_1_17' title="bbox 441 1986 1558 2368">
    <p class='ocr_par' dir='ltr' id='par_1_17' title="bbox 441 1986 1558 2368">
     <span class='ocr_line' id='line_1_29' title="bbox 444 1986 1558 2074; baseline -0.004 -22"><span class='ocrx_word' id='word_1_120' title='bbox 444 1997 612 2074; x_wconf 91' lang='lat' dir='ltr'>sumptum</span> <span class='ocrx_word' id='word_1_121' title='bbox 637 1987 709 2067; x_wconf 84' lang='lat' dir='ltr'>fuit,</span> <span class='ocrx_word' id='word_1_122' title='bbox 741 1986 795 2050; x_wconf 91' lang='lat' dir='ltr'>die</span> <span class='ocrx_word' id='word_1_123' title='bbox 822 1987 857 2049; x_wconf 89' lang='lat'>1⁰</span> <span class='ocrx_word' id='word_1_124' title='bbox 881 1988 978 2067; x_wconf 75' lang='lat' dir='ltr'>Maii3</span> <span class='ocrx_word' id='word_1_125' title='bbox 1013 2009 1100 2051; x_wconf 88' lang='lat' dir='ltr'>nova</span> <span class='ocrx_word' id='word_1_126' title='bbox 1124 1997 1235 2050; x_wconf 87' lang='lat' dir='ltr'>autem</span> <span class='ocrx_word' id='word_1_127' title='bbox 1266 1987 1367 2050; x_wconf 89' lang='lat' dir='ltr'>sessio</span> <span class='ocrx_word' id='word_1_128' title='bbox 1392 1997 1558 2072; x_wconf 84' lang='lat' dir='ltr'>prorogata¹</span> 
     </span>
     <span class='ocr_line' id='line_1_30' title="bbox 442 2083 1557 2171; baseline -0.004 -21"><span class='ocrx_word' id='word_1_129' title='bbox 442 2096 491 2150; x_wconf 89' lang='lat' dir='ltr'>est</span> <span class='ocrx_word' id='word_1_130' title='bbox 515 2107 619 2171; x_wconf 89' lang='lat' dir='ltr'>usque</span> <span class='ocrx_word' id='word_1_131' title='bbox 643 2084 686 2148; x_wconf 90' lang='lat' dir='ltr'>ad</span> <span class='ocrx_word' id='word_1_132' title='bbox 719 2086 776 2147; x_wconf 84' lang='lat' dir='ltr'>1¹¹¹n</span> <span class='ocrx_word' id='word_1_133' title='bbox 806 2085 894 2148; x_wconf 91' lang='lat' dir='ltr'>diem</span> <span class='ocrx_word' id='word_1_134' title='bbox 919 2083 1137 2171; x_wconf 85' lang='lat' dir='ltr'>Septembris,</span> <span class='ocrx_word' id='word_1_135' title='bbox 1170 2095 1205 2147; x_wconf 93' lang='lat' dir='ltr'>ut</span> <span class='ocrx_word' id='word_1_136' title='bbox 1237 2084 1370 2148; x_wconf 91' lang='lat' dir='ltr'>decreta</span> <span class='ocrx_word' id='word_1_137' title='bbox 1395 2106 1557 2170; x_wconf 34' lang='lat' dir='ltr'>praepara*</span> 
     </span>
     <span class='ocr_line' id='line_1_31' title="bbox 441 2181 1557 2268; baseline -0.004 -20"><span class='ocrx_word' id='word_1_138' title='bbox 441 2194 555 2249; x_wconf 90' lang='lat' dir='ltr'>rentur</span> <span class='ocrx_word' id='word_1_139' title='bbox 578 2192 609 2246; x_wconf 92' lang='lat' dir='ltr'>et</span> <span class='ocrx_word' id='word_1_140' title='bbox 634 2181 800 2245; x_wconf 89' lang='lat' dir='ltr'>adventus</span> <span class='ocrx_word' id='word_1_141' title='bbox 824 2181 970 2267; x_wconf 90' lang='lat' dir='ltr'>plurium</span> <span class='ocrx_word' id='word_1_142' title='bbox 996 2185 1228 2268; x_wconf 90' lang='lat' dir='ltr'>cpiscoporum</span> <span class='ocrx_word' id='word_1_143' title='bbox 1252 2192 1283 2245; x_wconf 94' lang='lat' dir='ltr'>et</span> <span class='ocrx_word' id='word_1_144' title='bbox 1307 2182 1557 2246; x_wconf 88' lang='lat' dir='ltr'>Protestantium</span> 
     </span>
     <span class='ocr_line' id='line_1_32' title="bbox 441 2279 1555 2368; baseline -0.004 -23"><span class='ocrx_word' id='word_1_145' title='bbox 441 2290 698 2368; x_wconf 87' lang='lat' dir='ltr'>exspectaretur.</span> <span class='ocrx_word' id='word_1_146' title='bbox 730 2280 842 2344; x_wconf 82' lang='lat' dir='ltr'>Etiam</span> <span class='ocrx_word' id='word_1_147' title='bbox 867 2282 899 2344; x_wconf 92' lang='lat' dir='ltr'>in</span> <span class='ocrx_word' id='word_1_148' title='bbox 927 2280 1272 2363; x_wconf 81' lang='lat' dir='ltr'>sessioneduodecc&#39;mo,</span> <span class='ocrx_word' id='word_1_149' title='bbox 1298 2279 1352 2342; x_wconf 89' lang='lat' dir='ltr'>die</span> <span class='ocrx_word' id='word_1_150' title='bbox 1371 2280 1407 2342; x_wconf 88' lang='lat'>1⁰</span> <span class='ocrx_word' id='word_1_151' title='bbox 1422 2279 1555 2365; x_wconf 88' lang='lat' dir='ltr'>Septem-</span> 
     </span>
    </p>
   </div>
   <div class='ocr_carea' id='block_1_18' title="bbox 441 2378 1624 2464">
    <p class='ocr_par' dir='ltr' id='par_1_18' title="bbox 441 2378 1624 2464">
     <span class='ocr_line' id='line_1_33' title="bbox 441 2378 1624 2464; baseline -0.005 -21"><span class='ocrx_word' id='word_1_152' title='bbox 441 2380 509 2443; x_wconf 89' lang='lat' dir='ltr'>bris</span> <span class='ocrx_word' id='word_1_153' title='bbox 543 2378 668 2463; x_wconf 88' lang='lat' dir='ltr'>habita,</span> <span class='ocrx_word' id='word_1_154' title='bbox 709 2378 842 2442; x_wconf 87' lang='lat' dir='ltr'>decreta</span> <span class='ocrx_word' id='word_1_155' title='bbox 878 2379 966 2443; x_wconf 92' lang='lat' dir='ltr'>haud</span> <span class='ocrx_word' id='word_1_156' title='bbox 1006 2379 1175 2464; x_wconf 87' lang='lat' dir='ltr'>publicata</span> <span class='ocrx_word' id='word_1_157' title='bbox 1206 2389 1292 2459; x_wconf 90' lang='lat' dir='ltr'>sunt,</span> <span class='ocrx_word' id='word_1_158' title='bbox 1332 2378 1390 2441; x_wconf 88' lang='lat' dir='ltr'>sed</span> <span class='ocrx_word' id='word_1_159' title='bbox 1415 2381 1556 2463; x_wconf 83' lang='lat' dir='ltr'>proxima</span> <span class='ocrx_word' id='word_1_160' title='bbox 1623 2405 1624 2411; x_wconf 44' lang='lat'>¹</span> 
     </span>
    </p>
   </div>
   <div class='ocr_carea' id='block_1_19' title="bbox 439 2474 1554 3444">
    <p class='ocr_par' dir='ltr' id='par_1_19' title="bbox 439 2474 1554 3444">
     <span class='ocr_line' id='line_1_34' title="bbox 440 2474 1554 2562; baseline -0.003 -20"><span class='ocrx_word' id='word_1_161' title='bbox 440 2480 540 2542; x_wconf 88' lang='lat' dir='ltr'>sessio</span> <span class='ocrx_word' id='word_1_162' title='bbox 565 2477 606 2541; x_wconf 95' lang='lat' dir='ltr'>ob</span> <span class='ocrx_word' id='word_1_163' title='bbox 624 2476 747 2540; x_wconf 87' lang='lat' dir='ltr'>similes</span> <span class='ocrx_word' id='word_1_164' title='bbox 771 2479 916 2541; x_wconf 90' lang='lat' dir='ltr'>rationes</span> <span class='ocrx_word' id='word_1_165' title='bbox 933 2490 1108 2562; x_wconf 85' lang='lat' dir='ltr'>prorogata</span> <span class='ocrx_word' id='word_1_166' title='bbox 1125 2487 1174 2541; x_wconf 92' lang='lat' dir='ltr'>est</span> <span class='ocrx_word' id='word_1_167' title='bbox 1189 2498 1294 2562; x_wconf 91' lang='lat' dir='ltr'>usque</span> <span class='ocrx_word' id='word_1_168' title='bbox 1308 2474 1352 2539; x_wconf 88' lang='lat' dir='ltr'>ad</span> <span class='ocrx_word' id='word_1_169' title='bbox 1369 2474 1459 2539; x_wconf 89' lang='lat' dir='ltr'>diem</span> <span class='ocrx_word' id='word_1_170' title='bbox 1485 2479 1554 2540; x_wconf 71' lang='lat' dir='ltr'>lll¹¹¹</span> 
     </span>
     <span class='ocr_line' id='line_1_35' title="bbox 441 2573 1554 2661; baseline -0.004 -21"><span class='ocrx_word' id='word_1_171' title='bbox 441 2575 605 2641; x_wconf 88' lang='lat' dir='ltr'>Octobris.</span> <span class='ocrx_word' id='word_1_172' title='bbox 640 2575 813 2638; x_wconf 86' lang='lat' dir='ltr'>Venerunt</span> <span class='ocrx_word' id='word_1_173' title='bbox 847 2578 974 2639; x_wconf 89' lang='lat' dir='ltr'>interea</span> <span class='ocrx_word' id='word_1_174' title='bbox 1008 2575 1051 2640; x_wconf 92' lang='lat' dir='ltr'>ad</span> <span class='ocrx_word' id='word_1_175' title='bbox 1075 2575 1248 2659; x_wconf 81' lang='lat' dir='ltr'>Synodum</span> <span class='ocrx_word' id='word_1_176' title='bbox 1273 2573 1473 2661; x_wconf 87' lang='lat' dir='ltr'>Septemviri</span> <span class='ocrx_word' id='word_1_177' title='bbox 1497 2576 1554 2639; x_wconf 85' lang='lat' dir='ltr'>illo·</span> 
     </span>
     <span class='ocr_line' id='line_1_36' title="bbox 439 2672 1554 2758; baseline -0.003 -21"><span class='ocrx_word' id='word_1_178' title='bbox 439 2677 600 2758; x_wconf 89' lang='lat' dir='ltr'>guntinus</span> <span class='ocrx_word' id='word_1_179' title='bbox 624 2682 656 2736; x_wconf 91' lang='lat' dir='ltr'>et</span> <span class='ocrx_word' id='word_1_180' title='bbox 679 2673 888 2741; x_wconf 91' lang='lat' dir='ltr'>Trevirensis</span> <span class='ocrx_word' id='word_1_181' title='bbox 911 2696 951 2737; x_wconf 88' lang='lat' dir='ltr'>oc</span> <span class='ocrx_word' id='word_1_182' title='bbox 974 2674 1083 2758; x_wconf 88' lang='lat' dir='ltr'>plures</span> <span class='ocrx_word' id='word_1_183' title='bbox 1108 2673 1163 2737; x_wconf 86' lang='lat' dir='ltr'>alii</span> <span class='ocrx_word' id='word_1_184' title='bbox 1188 2674 1334 2757; x_wconf 87' lang='lat' dir='ltr'>episcopi</span> <span class='ocrx_word' id='word_1_185' title='bbox 1353 2672 1554 2751; x_wconf 84' lang='lat' dir='ltr'>Germaniae,</span> 
     </span>
     <span class='ocr_line' id='line_1_37' title="bbox 441 2770 1554 2855; baseline -0.003 -20"><span class='ocrx_word' id='word_1_186' title='bbox 441 2773 488 2836; x_wconf 93' lang='lat' dir='ltr'>uti</span> <span class='ocrx_word' id='word_1_187' title='bbox 521 2771 812 2855; x_wconf 87' lang='lat' dir='ltr'>Argentoratensis</span> <span class='ocrx_word' id='word_1_188' title='bbox 850 2771 1087 2855; x_wconf 84' lang='lat' dir='ltr'>(Strassburg),</span> <span class='ocrx_word' id='word_1_189' title='bbox 1121 2770 1414 2852; x_wconf 90' lang='lat' dir='ltr'>Vindoboneusis,</span> <span class='ocrx_word' id='word_1_190' title='bbox 1444 2771 1554 2834; x_wconf 86' lang='lat' dir='ltr'>Naum·</span> 
     </span>
     <span class='ocr_line' id='line_1_38' title="bbox 440 2867 1554 2954; baseline -0.004 -21"><span class='ocrx_word' id='word_1_191' title='bbox 440 2869 624 2954; x_wconf 85' lang='lat' dir='ltr'>burgensis,</span> <span class='ocrx_word' id='word_1_192' title='bbox 651 2867 931 2950; x_wconf 80' lang='lat' dir='ltr'>Constantiensis3</span> <span class='ocrx_word' id='word_1_193' title='bbox 957 2892 996 2933; x_wconf 89' lang='lat' dir='ltr'>ac</span> <span class='ocrx_word' id='word_1_194' title='bbox 1012 2892 1085 2954; x_wconf 91' lang='lat' dir='ltr'>spes</span> <span class='ocrx_word' id='word_1_195' title='bbox 1102 2868 1236 2950; x_wconf 84' lang='lat' dir='ltr'>affulsit,</span> <span class='ocrx_word' id='word_1_196' title='bbox 1261 2869 1387 2954; x_wconf 87' lang='lat' dir='ltr'>aliquot</span> <span class='ocrx_word' id='word_1_197' title='bbox 1400 2871 1554 2954; x_wconf 89' lang='lat' dir='ltr'>principes</span> 
     </span>
     <span class='ocr_line' id='line_1_39' title="bbox 440 2966 1553 3051; baseline -0.003 -21"><span class='ocrx_word' id='word_1_198' title='bbox 440 2976 659 3051; x_wconf 89' lang='lat' dir='ltr'>protestantes</span> <span class='ocrx_word' id='word_1_199' title='bbox 682 2966 807 3051; x_wconf 86' lang='lat' dir='ltr'>legatos</span> <span class='ocrx_word' id='word_1_200' title='bbox 830 2969 987 3031; x_wconf 91' lang='lat' dir='ltr'>missuros</span> <span class='ocrx_word' id='word_1_201' title='bbox 1018 2989 1099 3032; x_wconf 85' lang='lat' dir='ltr'>esse.</span> <span class='ocrx_word' id='word_1_202' title='bbox 1147 2968 1269 3051; x_wconf 86' lang='lat' dir='ltr'>Magno</span> <span class='ocrx_word' id='word_1_203' title='bbox 1304 2966 1387 3030; x_wconf 88' lang='lat' dir='ltr'>haec</span> <span class='ocrx_word' id='word_1_204' title='bbox 1411 2966 1553 3032; x_wconf 88' lang='lat' dir='ltr'>Patribus</span> 
     </span>
     <span class='ocr_line' id='line_1_40' title="bbox 439 3064 1552 3150; baseline -0.004 -22"><span class='ocrx_word' id='word_1_205' title='bbox 439 3065 555 3129; x_wconf 93' lang='lat' dir='ltr'>solatio</span> <span class='ocrx_word' id='word_1_206' title='bbox 572 3065 723 3145; x_wconf 81' lang='lat' dir='ltr'>fuerunt3</span> <span class='ocrx_word' id='word_1_207' title='bbox 750 3065 808 3129; x_wconf 90' lang='lat' dir='ltr'>sed</span> <span class='ocrx_word' id='word_1_208' title='bbox 824 3065 1006 3129; x_wconf 86' lang='lat' dir='ltr'>molestiam</span> <span class='ocrx_word' id='word_1_209' title='bbox 1031 3088 1097 3130; x_wconf 91' lang='lat' dir='ltr'>non</span> <span class='ocrx_word' id='word_1_210' title='bbox 1115 3068 1272 3149; x_wconf 86' lang='lat' dir='ltr'>exiguam</span> <span class='ocrx_word' id='word_1_211' title='bbox 1289 3064 1425 3150; x_wconf 82' lang='lat' dir='ltr'>Synodo</span> <span class='ocrx_word' id='word_1_212' title='bbox 1441 3066 1552 3129; x_wconf 88' lang='lat' dir='ltr'>creavit</span> 
     </span>
     <span class='ocr_line' id='line_1_41' title="bbox 441 3161 1552 3249; baseline -0.002 -23"><span class='ocrx_word' id='word_1_213' title='bbox 441 3163 607 3226; x_wconf 87' lang='lat' dir='ltr'>chricus</span> <span class='ocrx_word' id='word_1_214' title='bbox 630 3185 690 3226; x_wconf 84' lang='lat' dir='ltr'>rex</span> <span class='ocrx_word' id='word_1_215' title='bbox 706 3161 846 3243; x_wconf 85' lang='lat' dir='ltr'>Galliae,</span> <span class='ocrx_word' id='word_1_216' title='bbox 870 3166 928 3249; x_wconf 93' lang='lat' dir='ltr'>qni</span> <span class='ocrx_word' id='word_1_217' title='bbox 953 3163 995 3228; x_wconf 94' lang='lat' dir='ltr'>ob</span> <span class='ocrx_word' id='word_1_218' title='bbox 1019 3174 1171 3227; x_wconf 84' lang='lat' dir='ltr'>exortum</span> <span class='ocrx_word' id='word_1_219' title='bbox 1196 3185 1272 3227; x_wconf 90' lang='lat' dir='ltr'>cnm</span> <span class='ocrx_word' id='word_1_220' title='bbox 1287 3163 1449 3228; x_wconf 90' lang='lat' dir='ltr'>Pontifice</span> <span class='ocrx_word' id='word_1_221' title='bbox 1473 3162 1552 3226; x_wconf 93' lang='lat' dir='ltr'>dissi·</span> 
     </span>
     <span class='ocr_line' id='line_1_42' title="bbox 440 3260 1550 3347; baseline -0.002 -24"><span class='ocrx_word' id='word_1_222' title='bbox 440 3261 534 3324; x_wconf 92' lang='lat' dir='ltr'>dium</span> <span class='ocrx_word' id='word_1_223' title='bbox 566 3262 732 3346; x_wconf 88' lang='lat' dir='ltr'>episcopis</span> <span class='ocrx_word' id='word_1_224' title='bbox 767 3260 899 3326; x_wconf 88' lang='lat' dir='ltr'>Galliae</span> <span class='ocrx_word' id='word_1_225' title='bbox 931 3263 1108 3347; x_wconf 90' lang='lat' dir='ltr'>quominus</span> <span class='ocrx_word' id='word_1_226' title='bbox 1135 3262 1333 3326; x_wconf 86' lang='lat' dir='ltr'>Tridentum</span> <span class='ocrx_word' id='word_1_227' title='bbox 1370 3261 1550 3324; x_wconf 85' lang='lat' dir='ltr'>accederent</span> 
     </span>
     <span class='ocr_line' id='line_1_43' title="bbox 440 3358 1550 3444; baseline -0.003 -23"><span class='ocrx_word' id='word_1_228' title='bbox 440 3358 621 3444; x_wconf 92' lang='lat' dir='ltr'>probibuit,</span> <span class='ocrx_word' id='word_1_229' title='bbox 653 3368 752 3444; x_wconf 87' lang='lat' dir='ltr'>atque</span> <span class='ocrx_word' id='word_1_230' title='bbox 777 3359 855 3422; x_wconf 91' lang='lat' dir='ltr'>dein</span> <span class='ocrx_word' id='word_1_231' title='bbox 879 3361 914 3423; x_wconf 91' lang='lat' dir='ltr'>in</span> <span class='ocrx_word' id='word_1_232' title='bbox 939 3359 1079 3423; x_wconf 89' lang='lat' dir='ltr'>dubium</span> <span class='ocrx_word' id='word_1_233' title='bbox 1103 3381 1259 3424; x_wconf 85' lang='lat' dir='ltr'>revocare</span> <span class='ocrx_word' id='word_1_234' title='bbox 1283 3361 1376 3423; x_wconf 91' lang='lat' dir='ltr'>nisus</span> <span class='ocrx_word' id='word_1_235' title='bbox 1400 3371 1449 3424; x_wconf 87' lang='lat' dir='ltr'>est</span> <span class='ocrx_word' id='word_1_236' title='bbox 1472 3380 1550 3422; x_wconf 92' lang='lat' dir='ltr'>oecu-</span> 
     </span>
    </p>
   </div>
   <div class='ocr_carea' id='block_1_20' title="bbox 346 3456 1550 3522">
    <p class='ocr_par' dir='ltr' id='par_1_20' title="bbox 346 3456 1550 3522">
     <span class='ocr_line' id='line_1_44' title="bbox 346 3456 1550 3522; baseline -0.004 -1"><span class='ocrx_word' id='word_1_237' title='bbox 346 3513 351 3521; x_wconf 91' lang='grc'><em>,</em></span> <span class='ocrx_word' id='word_1_238' title='bbox 441 3458 608 3520; x_wconf 90' lang='lat' dir='ltr'>menicum</span> <span class='ocrx_word' id='word_1_239' title='bbox 642 3456 784 3520; x_wconf 80' lang='lat' dir='ltr'>Consilii</span> <span class='ocrx_word' id='word_1_240' title='bbox 819 3456 1055 3522; x_wconf 88' lang='lat' dir='ltr'>characterem.</span> <span class='ocrx_word' id='word_1_241' title='bbox 1103 3458 1201 3521; x_wconf 86' lang='lat' dir='ltr'>Hanc</span> <span class='ocrx_word' id='word_1_242' title='bbox 1232 3458 1372 3521; x_wconf 90' lang='lat' dir='ltr'>Henrici</span> <span class='ocrx_word' id='word_1_243' title='bbox 1406 3458 1494 3522; x_wconf 87' lang='lat' dir='ltr'>litem</span> <span class='ocrx_word' id='word_1_244' title='bbox 1522 3465 1550 3516; x_wconf 91' lang='lat' dir='ltr'>ut</span> 
     </span>
    </p>
   </div>
   <div class='ocr_carea' id='block_1_21' title="bbox 438 3556 1549 4326">
    <p class='ocr_par' dir='ltr' id='par_1_21' title="bbox 438 3556 1549 3821">
     <span class='ocr_line' id='line_1_45' title="bbox 438 3556 1549 3642; baseline -0.003 -25"><span class='ocrx_word' id='word_1_245' title='bbox 438 3575 648 3639; x_wconf 84' lang='lat' dir='ltr'>exponamus</span> <span class='ocrx_word' id='word_1_246' title='bbox 681 3556 753 3640; x_wconf 89' lang='lat' dir='ltr'>jam</span> <span class='ocrx_word' id='word_1_247' title='bbox 791 3558 958 3636; x_wconf 90' lang='lat' dir='ltr'>convenit,</span> <span class='ocrx_word' id='word_1_248' title='bbox 998 3556 1161 3642; x_wconf 90' lang='lat' dir='ltr'>simulque</span> <span class='ocrx_word' id='word_1_249' title='bbox 1193 3557 1340 3621; x_wconf 87' lang='lat' dir='ltr'>breviter</span> <span class='ocrx_word' id='word_1_250' title='bbox 1378 3559 1549 3631; x_wconf 89' lang='lat' dir='ltr'>innuemus,</span> 
     </span>
     <span class='ocr_line' id='line_1_46' title="bbox 438 3653 1548 3739; baseline -0.003 -23"><span class='ocrx_word' id='word_1_251' title='bbox 438 3675 542 3738; x_wconf 89' lang='lat' dir='ltr'>quam</span> <span class='ocrx_word' id='word_1_252' title='bbox 588 3663 714 3737; x_wconf 90' lang='lat' dir='ltr'>partem</span> <span class='ocrx_word' id='word_1_253' title='bbox 763 3675 908 3739; x_wconf 89' lang='lat' dir='ltr'>eousque</span> <span class='ocrx_word' id='word_1_254' title='bbox 954 3653 1042 3719; x_wconf 83' lang='lat' dir='ltr'>Galli</span> <span class='ocrx_word' id='word_1_255' title='bbox 1090 3657 1124 3718; x_wconf 92' lang='lat' dir='ltr'>in</span> <span class='ocrx_word' id='word_1_256' title='bbox 1172 3654 1321 3719; x_wconf 88' lang='lat' dir='ltr'>Concilio</span> <span class='ocrx_word' id='word_1_257' title='bbox 1369 3654 1548 3718; x_wconf 89' lang='lat' dir='ltr'>Tridentino</span> 
     </span>
     <span class='ocr_line' id='line_1_47' title="bbox 440 3751 1015 3821; baseline -0.009 -8"><span class='ocrx_word' id='word_1_258' title='bbox 440 3751 628 3814; x_wconf 90' lang='lat' dir='ltr'>habuerint.</span> <span class='ocrx_word' id='word_1_259' title='bbox 1013 3816 1015 3821; x_wconf 20' lang='grc' dir='ltr'>Ι</span> 
     </span>
    </p>

    <p class='ocr_par' dir='ltr' id='par_1_22' title="bbox 438 3847 1546 4326">
     <span class='ocr_line' id='line_1_48' title="bbox 531 3847 1546 3935; baseline -0.003 -24"><span class='ocrx_word' id='word_1_260' title='bbox 531 3848 583 3913; x_wconf 81' lang='grc'>65.</span> <span class='ocrx_word' id='word_1_261' title='bbox 621 3849 856 3912; x_wconf 86' lang='lat' dir='ltr'>Franciscusl</span> <span class='ocrx_word' id='word_1_262' title='bbox 881 3852 914 3912; x_wconf 92' lang='lat' dir='ltr'>in</span> <span class='ocrx_word' id='word_1_263' title='bbox 939 3848 1065 3933; x_wconf 90' lang='lat' dir='ltr'>Synodi</span> <span class='ocrx_word' id='word_1_264' title='bbox 1092 3852 1222 3934; x_wconf 85' lang='lat' dir='ltr'>negotio</span> <span class='ocrx_word' id='word_1_265' title='bbox 1248 3850 1405 3914; x_wconf 90' lang='lat' dir='ltr'>continuo</span> <span class='ocrx_word' id='word_1_266' title='bbox 1430 3847 1546 3935; x_wconf 89' lang='lat' dir='ltr'>quidem</span> 
     </span>
     <span class='ocr_line' id='line_1_49' title="bbox 439 3946 1545 4032; baseline -0.005 -24"><span class='ocrx_word' id='word_1_267' title='bbox 439 3967 515 4009; x_wconf 88' lang='lat' dir='ltr'>eam</span> <span class='ocrx_word' id='word_1_268' title='bbox 555 3946 700 4010; x_wconf 90' lang='lat' dir='ltr'>ostendit</span> <span class='ocrx_word' id='word_1_269' title='bbox 739 3947 951 4029; x_wconf 87' lang='lat' dir='ltr'>simultatem,</span> <span class='ocrx_word' id='word_1_270' title='bbox 992 3970 1091 4032; x_wconf 89' lang='lat' dir='ltr'>quam</span> <span class='ocrx_word' id='word_1_271' title='bbox 1128 3951 1162 4012; x_wconf 91' lang='lat' dir='ltr'>in</span> <span class='ocrx_word' id='word_1_272' title='bbox 1195 3946 1350 4012; x_wconf 83' lang='lat' dir='ltr'>Carolum</span> <span class='ocrx_word' id='word_1_273' title='bbox 1384 3948 1415 4012; x_wconf 91' lang='lat' dir='ltr'>V</span> <span class='ocrx_word' id='word_1_274' title='bbox 1452 3947 1545 4009; x_wconf 90' lang='lat' dir='ltr'>animo</span> 
     </span>
     <span class='ocr_line' id='line_1_50' title="bbox 438 4041 1544 4130; baseline -0.002 -23"><span class='ocrx_word' id='word_1_275' title='bbox 438 4043 586 4125; x_wconf 83' lang='lat' dir='ltr'>fovebat,</span> <span class='ocrx_word' id='word_1_276' title='bbox 611 4053 757 4108; x_wconf 85' lang='lat' dir='ltr'>attamen</span> <span class='ocrx_word' id='word_1_277' title='bbox 775 4045 923 4108; x_wconf 88' lang='lat' dir='ltr'>Concilio</span> <span class='ocrx_word' id='word_1_278' title='bbox 940 4056 1138 4130; x_wconf 87' lang='lat' dir='ltr'>congregato</span> <span class='ocrx_word' id='word_1_279' title='bbox 1161 4045 1251 4109; x_wconf 89' lang='lat' dir='ltr'>haud</span> <span class='ocrx_word' id='word_1_280' title='bbox 1276 4067 1416 4128; x_wconf 87' lang='lat' dir='ltr'>magnas</span> <span class='ocrx_word' id='word_1_281' title='bbox 1439 4041 1544 4108; x_wconf 80' lang='lat' dir='ltr'>creavit</span> 
     </span>
     <span class='ocr_line' id='line_1_51' title="bbox 442 4139 1543 4208; baseline -0.006 -4"><span class='ocrx_word' id='word_1_282' title='bbox 442 4140 665 4206; x_wconf 86' lang='lat' dir='ltr'>difficultates.</span> <span class='ocrx_word' id='word_1_283' title='bbox 713 4142 903 4205; x_wconf 85' lang='lat' dir='ltr'>Adfuerunt</span> <span class='ocrx_word' id='word_1_284' title='bbox 921 4141 1070 4206; x_wconf 81' lang='lat' dir='ltr'>Concilio</span> <span class='ocrx_word' id='word_1_285' title='bbox 1086 4143 1282 4208; x_wconf 85' lang='lat' dir='ltr'>Tridentino</span> <span class='ocrx_word' id='word_1_286' title='bbox 1308 4143 1388 4207; x_wconf 89' lang='lat' dir='ltr'>inde</span> <span class='ocrx_word' id='word_1_287' title='bbox 1410 4142 1450 4205; x_wconf 89' lang='lat' dir='ltr'>ab</span> <span class='ocrx_word' id='word_1_288' title='bbox 1466 4139 1543 4204; x_wconf 90' lang='lat' dir='ltr'>initio</span> 
     </span>
     <span class='ocr_line' id='line_1_52' title="bbox 438 4235 1543 4326; baseline -0.008 -23"><span class='ocrx_word' id='word_1_289' title='bbox 438 4239 567 4324; x_wconf 84' lang='lat' dir='ltr'>aliquot</span> <span class='ocrx_word' id='word_1_290' title='bbox 591 4240 737 4324; x_wconf 89' lang='lat' dir='ltr'>episcopi</span> <span class='ocrx_word' id='word_1_291' title='bbox 764 4238 903 4321; x_wconf 85' lang='lat' dir='ltr'>Galliae,</span> <span class='ocrx_word' id='word_1_292' title='bbox 928 4240 1086 4304; x_wconf 87' lang='lat' dir='ltr'>videlicet</span> <span class='ocrx_word' id='word_1_293' title='bbox 1109 4240 1379 4326; x_wconf 88' lang='lat' dir='ltr'>archiepiscopus</span> <span class='ocrx_word' id='word_1_294' title='bbox 1396 4235 1543 4325; x_wconf 85' lang='lat' dir='ltr'>Aquensis</span> 
     </span>
    </p>
   </div>
   <div class='ocr_carea' id='block_1_22' title="bbox 0 0 1648 4900">
    <p class='ocr_par' dir='ltr' id='par_1_23' title="bbox 0 0 1648 4900">
     <span class='ocr_line' id='line_1_53' title="bbox 0 0 1648 4900; baseline 0 1"><span class='ocrx_word' id='word_1_295' title='bbox 0 0 1648 4900; x_wconf 95' lang='lat' dir='ltr'> </span> 
     </span>
    </p>
   </div>
  </div>
 </body>
</html>
