3034 4894
422 511 461 564 De
479 510 780 578 pseudoreformationis
799 509 895 566 initiis.
1206 513 1223 564 3

98 653 157 718 scd
182 656 336 738 egregiae
359 651 533 740 probitatis
565 654 721 737 opinione
754 655 963 738 conspicuus,
995 667 1031 719 ut
1054 654 1223 720 Guiceiar-

1 779 2 820 l
100 753 200 817 dinus
230 753 301 836 ipse
324 750 400 816 Lib.
425 751 494 814 XII
518 760 550 815 et
573 751 656 814 XIV
680 760 835 830 testatur3
868 754 980 837 etqui
1011 753 1224 838 juventutem

1 933 2 946 χ
100 859 217 934 egerat
244 851 462 912 intaminatae
492 851 702 913 innocentiae
733 848 838 928 faura,
871 857 907 912 nt
937 850 1057 914 Jovius
1087 853 1122 914 in
1154 851 1226 938 ejus

101 949 184 1010 Vita
215 956 467 1010 commemorat:
508 968 592 1032 quae
623 968 674 1010 res
706 946 830 1010 indicio
861 957 919 1027 est,
959 947 1074 1012 Patres
1105 971 1163 1034 per
1187 971 1226 1012 ca

99 1045 260 1129 suffragia
299 1044 492 1108 evehendae
527 1045 641 1107 virtuti
679 1044 875 1109 studuisse.“
891 1045 913 1125 ¹)
967 1045 1018 1109 De
1048 1046 1161 1110 Leone
1192 1048 1226 1110 X

100 1144 188 1207 varii
222 1142 372 1206 auctores
402 1144 494 1205 varie
527 1143 746 1226 scripserunt,
784 1141 863 1205 dum
896 1141 951 1205 alii
984 1143 1118 1228 quidem
1150 1166 1226 1207 eum

100 1241 291 1322 laudarunt,
326 1239 382 1303 alii
407 1259 484 1302 vero
510 1241 544 1302 in
570 1239 681 1302 multis
705 1261 781 1304 eum
807 1239 1036 1304 vehementius
1060 1243 1226 1327 vitupera·

99 1347 190 1403 runt.
248 1337 359 1422 Atque
397 1340 496 1401 etiam
534 1338 620 1400 inter
657 1339 833 1422 scriptores
868 1337 1037 1402 Ecclesiae
1076 1339 1228 1404 addictos

98 1449 188 1516 sunt,
222 1439 278 1522 qui
301 1436 406 1500 Leoni
431 1435 465 1498 X
490 1435 702 1520 exprobrant,
735 1435 823 1520 quod
856 1437 891 1498 in
922 1436 1141 1519 gubernanda
1165 1438 1227 1502 Ec·

101 1536 223 1600 clesiae
256 1536 379 1619 passim
411 1532 632 1618 negligentior
655 1532 764 1615 fuerit,
794 1543 827 1596 et
850 1533 1114 1598 humanistarum
1139 1535 1228 1599 illius

98 1635 221 1698 aetatis
245 1632 432 1696 tendentias
467 1653 608 1717 sequens
641 1632 848 1716 nimiumque
872 1642 957 1695 artes
980 1631 1133 1698 liberales
1156 1655 1228 1719 pro·

100 1733 265 1816 lanasque
289 1751 415 1810 amans,
441 1751 507 1792 non
520 1751 593 1793 eam
607 1751 738 1814 semper
750 1751 829 1814 prae
842 1751 876 1792 se
894 1730 1004 1794 tulerit
1017 1732 1228 1818 gravitatem,

1 1873 2 1884 t
100 1850 188 1914 quae
213 1829 410 1912 dignitatem
436 1849 564 1890 summe
588 1827 815 1890 venerandam
841 1827 990 1892 decebat.

192 1930 223 1992 4.
263 1927 327 1992 Sed
354 1927 469 1989 merito
494 1928 551 2011 qui
575 1926 717 2009 Regesta
740 1926 863 1990 Leonis
887 1927 921 1990 X
946 1936 1056 1991 nostro
1079 1935 1324 2013 temporeb⁰⁰¹¹ff=
1339 1943 1386 1974 ¹²¹⁶·

100 2026 209 2090 edidit
241 2026 316 2090 Em.
349 2023 536 2088 Cardinalis
570 2024 825 2109 Hergenrttther,
861 2027 895 2088 in
920 2025 1053 2110 prologo
1078 2025 1120 2089 ad
1146 2026 1229 2090 haee
1293 2001 1346 2036 ψ’

101 2127 245 2209 Regesta
269 2124 423 2203 advertit,
449 2122 569 2186 multas
585 2124 619 2186 in
635 2123 782 2186 Leonem
807 2143 936 2208 sparsas
961 2145 1030 2186 esse
1045 2123 1229 2187 calumnias

101 2243 189 2308 quae
204 2223 362 2306 inspectis
378 2221 499 2285 litteris
523 2222 594 2305 ejus
618 2231 650 2284 et
674 2221 886 2306 pontificatus
903 2223 1006 2306 ipsius
1024 2221 1231 2286 documentis

97 2322 171 2406 jam
196 2319 384 2383 concident.
426 2318 499 2398 Quo
525 2319 595 2382 loco
620 2327 653 2382 et
676 2318 775 2403 hujus
799 2319 968 2382 Pontifiois
993 2322 1110 2382 merita
1135 2319 1229 2383 brevi

104 2417 235 2503 eloquio
266 2417 436 2500 aptissime
470 2410 604 2499 colligit.
664 2416 785 2498 „Haud
823 2418 983 2499 exiguae,
1022 2416 1154 2497 scribit,
1194 2419 1229 2480 in

104 2516 253 2580 Leonem
271 2516 303 2578 X
328 2517 493 2598 impactae
517 2515 608 2577 fuere
633 2513 830 2596 calumniae,
855 2516 948 2599 quasi
974 2515 1044 2598 ipse
1058 2514 1230 2578 literarum

103 2615 212 2678 fautor
237 2622 270 2676 et
294 2620 451 2697 patronus
476 2612 690 2696 profanarum
721 2633 773 2674 res
797 2611 1041 2676 ecclesiasticas
1065 2622 1097 2676 et
1120 2635 1231 2677 sacras

106 2734 237 2797 prorsus
253 2710 446 2794 neglexerit,
470 2709 640 2774 flammam
659 2709 815 2774 haeretici
834 2709 998 2794 dogmatis
1022 2721 1232 2774 enascentem

107 2809 194 2874 haud
220 2811 433 2892 exstinguere
457 2809 653 2891 cogitaverit
677 2817 709 2871 et
733 2807 856 2872 saeculi
888 2819 1018 2872 tantum
1051 2808 1234 2872 commodis

112 2917 141 2968 et
159 2908 295 2993 pompis
319 2916 351 2969 et
374 2904 475 2969 lucris
505 2927 639 2990 oporam
672 2906 809 2971 dederit.
857 2907 982 2969 Verum
1016 2907 1087 2991 ejus
1117 2905 1232 2969 literae

112 3013 141 3066 et
161 3005 363 3068 documenta
386 3004 537 3089 probant,
570 3014 731 3088 quantum
756 3006 785 3067 ei
811 3003 902 3067 cordi
934 3005 1033 3067 fuerit
1063 3003 1234 3088 religionis

107 3125 219 3167 sacrae
254 3102 423 3183 tutandae,
457 3103 706 3166 conservandae
731 3114 762 3164 et
786 3102 1041 3187 amplificandae
1074 3101 1232 3180 studium,

103 3210 269 3286 quantum
295 3199 447 3264 decorem
473 3201 590 3264 domus
606 3201 670 3264 Dei
696 3200 851 3264 dilexerit
866 3212 898 3264 et
913 3199 1090 3264 candorem
1108 3202 1234 3263 anima·

105 3321 178 3363 rum
211 3299 331 3384 quovis
360 3309 496 3363 externo
530 3298 704 3383 splendore
735 3298 846 3362 adhuc
876 3299 1113 3384 pretiosiorem.
1159 3299 1235 3382 Ipse

104 3420 186 3461 sane
223 3395 480 3460 mansuetudine
517 3399 680 3481 primum,
721 3397 843 3460 deiude
881 3405 1019 3480 cogente
1043 3395 1235 3480 Apostolico

105 3515 245 3558 munere
271 3492 391 3578 judieii
425 3497 600 3558 severitate
632 3495 709 3558 fidei
743 3493 893 3580 pericula
925 3503 1074 3558 avertere
1098 3493 1235 3574 studuit,

103 3592 310 3676 regularium
343 3592 474 3656 ordines
498 3593 540 3656 ad
565 3595 739 3677 pristinam
765 3592 975 3677 disciplinam
1007 3602 1039 3655 et
1069 3593 1235 3655 sanctiora

106 3692 261 3752 Instituta
284 3692 464 3770 revocavit,
490 3713 548 3775 pro
569 3689 805 3771 Orientalibus,
832 3690 1004 3753 Maronitis
1027 3690 1236 3774 potissimum

106 3799 141 3850 et
164 3785 313 3868 Graecis,
338 3789 372 3850 in
396 3787 548 3851 doctrina
572 3811 653 3852 sena
676 3787 730 3851 vel
755 3787 993 3851 conservandis
1018 3787 1071 3850 vel
1095 3787 1138 3850 ad
1162 3809 1236 3851 eam

109 3884 315 3949 attrahendis
340 3896 470 3953 strenue
494 3884 668 3952 laboravit.
716 3885 749 3949 Is
775 3885 883 3950 dirum
909 3885 1062 3967 schisma,
1088 3884 1176 3970 quod
1201 3886 1236 3948 in

109 3982 331 4048 conciliabulo
348 3983 469 4047 Pisano
495 3985 673 4070 praecipue
698 3993 797 4068 caput
821 3982 956 4065 extulit,
982 3981 1238 4046 mansuetudine

112 4101 178 4144 non
203 4081 312 4144 minus
337 4103 437 4166 quam
461 4081 639 4166 prudentia
663 4083 833 4162 exstinxit,
860 4082 894 4144 in
919 4079 1031 4145 Gallia
1056 4080 1235 4146 infaustam

113 4224 326 4232 ——.-——-

187 4293 206 4362 ¹)
226 4292 297 4350 Hist.
319 4293 396 4350 Cone.
416 4293 538 4350 Trideut.
558 4292 588 4349 L.
609 4293 630 4349 1.
651 4308 672 4350 c.
692 4293 728 4349 II.
748 4309 774 4349 n.
797 4295 821 4350 l.
