3034 4894
287 439 322 494 68
582 437 739 494 XXXVIII.
759 438 799 492 De
818 437 936 492 Concilio
954 437 1122 494 Tridentino.

125 585 366 685 D{fflfflflli‘lffltunc
387 582 543 646 Pontifex
567 580 711 662 Caesari,
737 583 793 666 qui
818 580 1035 645 nihilominus
1052 580 1240 645 Concilium
1266 583 1409 665 petebat,

127 657 264 759 niiniidy.
287 703 345 765 per
367 681 515 763 legatum
538 679 743 745 Alcandrum
776 700 917 764 suosque
946 679 1079 742 nuntios
1103 680 1258 774 esposuit
1281 689 1411 764 praeter

163 773 231 810 ¹¹⁰⁶0·
287 777 359 842 illas
384 777 545 842 adductas
568 779 712 841 rationes
736 777 893 861 pericula,
927 799 1012 863 quae
1044 799 1086 839 ex
1110 779 1276 862 praesenti
1301 778 1409 841 Prote·

287 877 446 940 stantium
470 877 680 954 contumacia
704 874 952 959 impendebant.
983 874 1120 958 Duplici
1145 897 1308 938 excausa
1332 887 1412 938 tunc

287 975 397 1058 expeti
412 971 609 1054 Concilium,
635 982 748 1058 etquo
773 972 912 1037 dissidia
935 972 1105 1056 religionis
1123 982 1412 1057 componerentur,

286 1081 318 1136 et
342 1093 406 1157 quo
421 1071 686 1134 Christianorum
711 1070 859 1134 defensio
883 1070 1044 1135 adversus
1061 1070 1187 1134 Turcas
1212 1070 1411 1151 firmaretur,

287 1170 345 1233 sed
369 1171 518 1233 neutrius
542 1191 633 1254 spem
658 1167 827 1251 affulgere.
868 1167 966 1247 Quod
983 1165 1156 1251 spectabat
1179 1167 1223 1231 ad
1247 1170 1411 1252 primum:

286 1266 349 1332 Vel
373 1267 625 1330 admitterentur
654 1265 813 1342 haeretici
846 1265 889 1329 ad
914 1261 1168 1350 disceptandum
1199 1267 1240 1330 de
1265 1267 1413 1331 articulis

287 1387 345 1450 per
382 1366 492 1449 priora
528 1362 678 1428 Consilia
708 1364 780 1449 jam
817 1364 997 1444 damnatis,
1037 1363 1092 1426 vel
1127 1373 1204 1428 non.
1259 1364 1411 1428 Alterum

287 1464 522 1527 nocentissimo
546 1463 696 1526 futurum
713 1461 865 1547 exemplo
892 1471 923 1525 et
947 1464 982 1525 in
999 1463 1179 1546 perniciem
1205 1464 1413 1526 auctoritatis

287 1561 468 1626 Ecclesiae.
513 1561 630 1646 Neque
653 1559 785 1624 facilius
809 1582 850 1622 ex
874 1581 912 1622 eo
938 1561 1191 1624 consensionem
1213 1572 1411 1640 secuturam,

288 1681 363 1722 cum
377 1659 561 1724 Lutherani
585 1680 652 1721 non
677 1659 777 1721 aliam
801 1657 999 1721 adhiberent
1022 1658 1121 1721 rebus
1143 1656 1223 1721 fidei
1248 1680 1410 1739 normam,

287 1758 351 1821 nisi
382 1755 561 1820 bibliorum
595 1755 739 1819 litteram
763 1759 798 1818 in
822 1778 861 1837 ea
886 1756 991 1819 solum
1023 1765 1115 1841 parte
1140 1778 1225 1840 quae
1250 1757 1330 1841 ipsis
1354 1779 1414 1842 pro

286 1856 436 1938 legitima
471 1853 626 1918 habenda
666 1854 844 1936 videretur,
885 1864 917 1917 et
950 1855 1049 1938 juxta
1089 1876 1221 1917 sensum
1246 1857 1303 1939 qui
1332 1857 1416 1940 ipsis
1510 1901 1511 1938 ζ

287 1951 443 2037 placeret.
477 1991 520 2000 --
551 1954 615 2015 Per
646 1952 785 2016 alterum
819 1974 886 2015 non
911 1952 1008 2015 modo
1036 1951 1297 2016 reconciliationi
1322 1955 1414 2016 viam

288 2050 504 2114 interclusum
530 2052 580 2131 iri,
614 2050 669 2114 scd
696 2050 880 2114 haereticos
905 2050 947 2113 ad
972 2052 1166 2112 atrociorem
1190 2049 1318 2114 rabiem
1345 2053 1417 2114 irri-

288 2149 420 2230 tandos,
446 2150 570 2233 quippe
592 2158 839 2233 conquesturos,
866 2170 899 2210 se
924 2148 978 2211 vel
1001 2148 1043 2211 ab
1068 2149 1139 2233 ipso
1165 2170 1343 2233 congressu
1366 2172 1413 2213 rc-

283 2248 400 2333 jcctos.
437 2245 523 2310 Satis
548 2246 731 2329 intelligere
748 2246 966 2327 Lutheranos,
992 2248 1127 2310 scissam
1144 2246 1330 2310 Ecclesiam
1356 2269 1415 2331 per

290 2344 439 2410 Concilia
463 2346 615 2408 resarciri
640 2367 706 2408 non
724 2366 828 2430 posse,
854 2366 994 2429 quorum
1011 2345 1190 2407 auctoritas
1206 2344 1249 2407 ab
1267 2346 1413 2428 ipsorum
1508 2403 1509 2406 ,

289 2443 455 2526 magistris
479 2451 547 2505 tam
571 2451 683 2526 aperte
707 2442 991 2522 contemnebatur,
1017 2441 1166 2526 adeoque
1191 2463 1257 2504 non
1282 2441 1416 2505 exalia

289 2562 389 2604 causa
413 2539 455 2602 ab
480 2538 544 2602 illis
569 2563 607 2603 ea
631 2542 708 2625 peti,
742 2541 806 2604 nisi
838 2540 878 2603 ad
904 2539 1083 2603 fucandam
1108 2541 1241 2603 interim
1266 2543 1418 2624 ipsorum
1508 2559 1509 2566 ¹

290 2637 655 2703 contumaciam—At
678 2661 720 2701 ex
744 2637 844 2701 altero
870 2639 977 2721 capite
1001 2637 1212 2701 formidanda
1237 2662 1279 2702 ex
1303 2638 1415 2723 hujus·

290 2735 379 2800 modi
397 2735 547 2799 Concilio
572 2737 742 2800 acerbiora
767 2735 920 2809 dissidia;
945 2737 1060 2818 vigere
1083 2734 1194 2798 adhuc
1218 2738 1417 2801 memoriam

291 2855 414 2916 eorum,
439 2856 524 2919 quac
548 2835 584 2897 in
598 2834 782 2897 Basileensi
809 2842 974 2897 conventu
999 2855 1058 2917 per
1081 2833 1311 2918 tranquilliora
1336 2845 1417 2897 tem·

290 2955 371 3016 pora
396 2933 619 3014 contigerant3
645 2933 751 3015 magis
776 2932 1013 3015 inpraesentia
1038 2931 1233 3010 verendum,
1259 2954 1300 2995 ne
1326 2933 1413 3016 quod

290 3029 511 3093 turbulentius
535 3039 568 3092 et
591 3029 772 3092 ambitione
796 3029 925 3114 plenius
950 3039 1059 3114 caput,
1093 3028 1156 3110 vel,
1190 3030 1216 3092 si
1248 3051 1315 3092 non
1347 3028 1418 3112 alii,

291 3129 354 3214 ipsi
380 3137 467 3190 certe
491 3128 635 3191 fautores
650 3127 891 3190 haereticorum
910 3149 952 3188 ex
968 3137 1037 3190 arte
1047 3128 1199 3212 jacerent
1215 3127 1249 3189 in
1265 3126 1415 3190 medium

290 3227 454 3310 imprimis
483 3226 710 3311 quaestionem
749 3223 789 3286 de
820 3226 1009 3309 principatu
1047 3226 1133 3287 inter
1156 3222 1345 3286 Concilium
1386 3237 1415 3286 et

291 3323 479 3386 Romanum
503 3323 711 3387 Pontificem.
750 3359 786 3370 —
820 3322 969 3405 Exponit
992 3322 1069 3384 dein
1100 3321 1239 3384 ulterius
1267 3323 1416 3406 pericula

292 3443 376 3506 quae
394 3421 556 3506 ejusmodi
567 3420 673 3484 turbis
684 3421 849 3484 suscitatis
866 3421 1042 3504 provenire
1057 3429 1198 3504 possent,
1215 3430 1248 3482 et
1261 3421 1414 3501 ostendit,

292 3518 478 3583 Concilium
504 3542 611 3605 neque
636 3519 821 3582 conducere
845 3539 954 3603 posse,
986 3527 1022 3581 ut
1052 3529 1166 3581 contra
1189 3518 1318 3582 Turcas
1343 3519 1415 3582 sub-

292 3619 377 3681 sidia
416 3627 696 3702 compararentur,
737 3638 838 3701 quum
875 3614 1062 3680 Concilium
1095 3616 1138 3678 ad
1176 3605 1416 3702 sesquiannum

292 3714 473 3794 differatur,
499 3713 621 3776 bellum
647 3735 724 3776 vero
749 3736 768 3776 a
792 3712 910 3776 Turcis
934 3713 1115 3792 immineat,
1141 3725 1173 3776 et
1196 3725 1285 3777 certo
1310 3715 1414 3800 Impe-

292 3821 380 3876 rator
404 3813 589 3877 Turcarum
614 3814 713 3875 etiam
738 3813 836 3874 citius
859 3810 941 3874 illud
965 3809 1115 3874 illaturus
1139 3813 1190 3891 sit,
1215 3811 1417 3897 simulatque

292 3912 428 3974 nuntius
453 3909 494 3974 de
519 3909 750 3993 congregando
776 3920 941 3972 conventu
966 3909 1097 3972 adeum
1114 3911 1313 3992 pervenerit.
1349 3910 1415 3973 Ad·

288 4010 401 4094 jungit
426 4006 588 4087 Clemens,
627 4011 727 4071 etiam
757 4005 992 4070 Cardinalibus
1016 4006 1123 4069 videri
1149 4005 1337 4069 Concilium
1371 4007 1415 4069 ad

292 4114 445 4169 neutrum
486 4127 529 4168 ex
563 4107 683 4190 optatis
719 4105 841 4169 finibus
878 4105 1059 4190 quidquam
1095 4105 1294 4185 conducere,
1335 4107 1414 4189 quin

292 4205 491 4287 gravissima
542 4203 856 4288 evidentissimeque
906 4202 1054 4286 pericula
1100 4203 1232 4287 utrique
1285 4204 1413 4264 minari.
