3336 4908
266 591 387 644 objectum

264 656 391 696 infallibili-

292 719 355 759 tatis.

413 451 468 507 264
811 450 869 510 XL.
906 451 947 508 De
965 451 1144 508 Jamenisna

415 601 448 656 ct
471 592 540 658 sola
563 615 648 679 quae
671 592 818 660 humano
841 597 955 680 generi
980 595 1130 682 adplicita
1147 596 1201 661 vel
1216 595 1371 683 implicite
1393 597 1523 661 revelata

414 701 491 756 sunt
515 691 692 772 credenda,
716 692 881 776 facienda,
907 695 1087 780 sequenda.
1136 694 1232 760 Solae
1255 707 1367 759 autem
1383 698 1522 760 veritates

413 790 518 854 aDeo
534 788 710 870 revelatae,
735 791 868 875 quando
882 793 1086 857 sufficienter
1099 795 1287 878 propositae
1300 802 1386 874 sunt,
1402 801 1521 877 possunt

412 907 451 950 ac
476 885 599 952 debent
622 887 710 951 credi
723 888 792 972 fide
816 891 949 971 dioiaa,·
973 893 1051 976 quia
1071 891 1154 954 haec
1171 901 1220 955 est
1235 913 1391 956 assensus
1407 900 1522 975 propter

411 987 641 1050 auctoritatem
654 986 719 1049 Dei
729 987 921 1053 revelantis.
946 1029 989 1038 -
1012 990 1050 1053 2⁰
1068 990 1152 1054 Oum
1171 989 1369 1054 veritatibus
1386 987 1522 1052 revelatis

411 1094 444 1149 et
467 1084 670 1148 sufficienter
692 1088 870 1171 propositis
894 1109 1046 1152 connexa
1070 1097 1148 1152 sunt
1171 1088 1262 1152 etad
1279 1109 1335 1151 ees
1351 1086 1522 1150 referuntur

411 1181 517 1267 plura,
542 1183 613 1246 sine
633 1181 754 1267 quibus
769 1186 927 1248 veritates
951 1184 1027 1249 illae
1051 1184 1217 1250 revelatae
1234 1185 1287 1248 vel
1312 1185 1448 1248 omnino
1471 1205 1521 1246 noo

411 1290 544 1365 possent
574 1278 628 1344 vel
658 1281 770 1345 minus
798 1281 884 1346 bene
914 1293 1048 1368 possent
1078 1285 1113 1346 in
1146 1293 1214 1347 tota
1247 1305 1307 1346 sua
1331 1280 1522 1366 plenitudine

410 1378 567 1444 custodiri
598 1389 631 1441 et
662 1378 813 1461 defendi,
844 1378 922 1445 licet
954 1381 1011 1445 illa
1045 1382 1079 1445 in
1104 1403 1139 1445 se
1163 1381 1359 1467 simpliciter
1394 1377 1522 1442 revelata

411 1497 478 1540 non
502 1477 568 1540 sint
591 1474 659 1558 (vel
675 1476 823 1541 nondum
848 1478 1052 1542 sufficienter
1076 1481 1243 1564 proposita
1267 1478 1310 1542 ad
1335 1476 1522 1541 credendum

410 1572 476 1636 fide
500 1573 642 1655 divina).
688 1574 764 1638 Huc
788 1577 955 1660 pertinent
979 1579 1064 1640 inter
1087 1576 1153 1640 alia
1178 1576 1291 1653 multa,
1326 1577 1428 1639 etiam
1450 1575 1522 1638 facta

410 1670 575 1757 quaedam
599 1670 765 1754 historica,
791 1682 828 1736 ut
850 1672 998 1756 legitima
1023 1673 1200 1738 celebratio
1225 1674 1437 1737 determinati
1455 1670 1521 1734 Con·

412 1768 492 1850 cilii,
525 1779 557 1834 et
580 1770 740 1854 adjuncta
763 1771 928 1856 quaedem
954 1771 1144 1857 complicita
1168 1794 1244 1835 curn
1269 1771 1465 1834 veritatibus
1486 1789 1522 1830 re·

411 1866 539 1948 velatis,
571 1889 599 1932 e.
622 1891 654 1952 g.
684 1870 711 1932 si
743 1871 914 1954 quaeritur
946 1870 987 1934 de
1019 1871 1164 1953 genuino
1197 1893 1296 1934 sensu
1327 1879 1475 1932 textuum
1496 1867 1522 1928 in

411 1964 640 2029 determinatis
662 1965 756 2030 libris
780 1967 970 2054 (Aapaatiao
992 1969 1175 2047 lansenii),
1200 1976 1366 2053 quatenus
1391 1966 1521 2050 deposito

410 2062 489 2127 fidei
514 2064 716 2128 concordent
741 2064 792 2128 vel
817 2074 1037 2149 opponantur.
1068 2104 1112 2112 -
1145 2066 1183 2130 3⁰
1206 2065 1399 2129 Auctoritas
1422 2061 1521 2126 infalli-

411 2159 487 2224 bilis
510 2160 681 2226 Ecclesiae
705 2173 737 2227 et
761 2163 903 2227 Romani
928 2163 1100 2230 Pontificis
1125 2166 1267 2249 pertinet
1291 2164 1463 2247 'imprimis
1489 2156 1520 2220 ad

410 2258 656 2342 custodiendas,
670 2261 913 2346 proponendas,
928 2261 1145 2347 explicandas
1157 2263 1315 2326 veritates
1327 2282 1413 2346 quae
1426 2260 1519 2322 stricto

409 2379 509 2421 sensu
526 2359 633 2442 ipsum
651 2358 838 2444 depositum
854 2359 932 2424 fidei
948 2362 1163 2443 constituunt,
1188 2380 1309 2442 nempe
1325 2358 1370 2422 ad
1383 2359 1520 2420 veritates

409 2454 583 2537 revelatas,
608 2478 647 2520 ac
671 2457 811 2541 proinde
835 2459 877 2521 ad
895 2458 1057 2522 arcendos
1079 2480 1205 2522 errores
1229 2457 1281 2519 his
1298 2455 1424 2519 directe
1441 2471 1519 2538 oppo-

410 2555 499 2634 sitos,
525 2576 584 2617 seu
607 2555 650 2618 ad
675 2555 947 2619 condemnandas
971 2555 1134 2622 haereses.
1181 2555 1256 2618 Hoc
1281 2564 1331 2616 est
1353 2551 1519 2616 revelatum

410 2650 532 2734 dogma
556 2651 633 2715 fidei
659 2651 842 2716 catholicae
867 2665 899 2717 et
923 2655 994 2738 ejus
1018 2655 1151 2738 negatio
1176 2653 1322 2717 haeresis
1346 2663 1441 2714 esset
1470 2642 1518 2709 Sed

411 2747 631 2812 infallibilitas
655 2752 754 2814 etiam
779 2772 813 2813 se
829 2751 980 2815 extendit
996 2751 1037 2815 ad
1055 2762 1159 2816 totam
1174 2751 1376 2814 custodiendi
1398 2741 1518 2830 depositi

410 2845 678 2931 amplitudinem,
701 2847 734 2912 h.
751 2870 777 2912 e.
796 2848 840 2911 ad
857 2851 1013 2913 veritates
1030 2871 1160 2934 quoque
1181 2851 1215 2912 in
1232 2871 1266 2912 se
1281 2869 1349 2911 non
1366 2843 1518 2914 revelatae,

410 2953 575 3030 quatenus
599 2967 675 3009 cum
699 2945 854 3010 revelatis
878 2947 1056 3011 cohaerent
1080 2957 1113 3010 et
1135 2947 1177 3010 ad
1203 2967 1317 3010 earum
1342 2942 1517 3011 custodian,

409 3041 679 3128 explicationem,
705 3043 942 3125 defensionem,
968 3047 1192 3130 requiruntur.
1240 3043 1335 3106 Haec
1360 3037 1517 3106 infallibili·

408 3142 487 3204 tatis
512 3142 659 3204 extensio
685 3141 839 3205 omnibus
863 3142 1026 3226 theologis
1050 3139 1337 3205 consentientibus
1353 3143 1470 3204 veritas
1482 3143 1518 3198 est

409 3237 595 3321 theologice
619 3241 665 3302 ita
682 3248 781 3320 certa,
806 3249 843 3303 ut
857 3240 929 3325 ejus
945 3241 1077 3324 negatio
1096 3261 1186 3303 error
1202 3248 1288 3303 esset
1310 3240 1516 3322 gravissimus,

410 3334 466 3398 vel
489 3358 531 3399 ex
549 3336 693 3420 plurium
719 3339 883 3401 sententia
899 3339 999 3401 etiam
1017 3337 1174 3417 haeresis,
1198 3339 1354 3422 quamvis
1379 3338 1517 3400 haetenus

408 3434 567 3518 explicite
599 3434 770 3498 haereseos
803 3435 960 3500 damnata
991 3458 1057 3499 non
1083 3437 1134 3500 sit.
1173 3473 1216 3481 -
1253 3435 1284 3499 4.
1315 3431 1517 3498 Infallibilias

408 3530 581 3595 Ecclesiae
603 3542 634 3596 et
649 3533 821 3598 Pontificis
838 3534 979 3598 Romani
1004 3534 1151 3598 creditur
1173 3534 1240 3596 fide
1264 3533 1383 3596 divina
1406 3539 1517 3617 propter

406 3632 638 3694 auctoritatem
653 3631 717 3694 Dei
735 3631 923 3698 revelantis.
949 3632 1120 3698 Sententia
1137 3653 1222 3716 quae
1245 3653 1306 3716 per
1329 3626 1515 3694 infallibilem

410 3727 637 3792 definitionem
662 3728 834 3793 Ecclesiae
866 3730 920 3793 vel
951 3729 1122 3793 Pontificis
1152 3730 1349 3814 proponitur
1382 3739 1416 3791 ut
1445 3743 1514 3794 vera,

409 3848 476 3890 non
502 3836 613 3889 tamen
639 3837 675 3890 ut
698 3825 856 3909 revelata,
891 3829 1030 3892 creditur
1047 3839 1184 3913 propter
1206 3827 1380 3890 revelatam
1403 3819 1514 3889 catca-

406 3933 506 3986 tatem
524 3927 747 4010 propeccatis,
772 3947 909 3989 assensu
926 3928 982 4011 qui
997 3924 1136 3989 debetur
1151 3927 1343 3988 auctoritati
1360 3917 1513 3994 infallibili,

397 4020 558 4106 ,adeoque
575 4043 706 4085 ascensa
721 4021 904 4107 infallibili,
923 4024 989 4106 fide
1004 4022 1226 4103 ecclesiastica,
1244 4044 1347 4108 quam
1363 4033 1513 4106 possumus

406 4118 521 4182 dicere
545 4118 645 4181 fidem
663 4121 807 4184 mediate
832 4120 1022 4201 divinam.¹)
1039 4159 1079 4168 —-
1103 4121 1273 4185 Postremo
1290 4123 1392 4206 igitur
1405 4116 1511 4182 adrem

483 4233 506 4305 1)
525 4233 582 4289 arr.
601 4233 755 4300 numeru,
774 4234 815 4288 ne
833 4233 888 4289 siv.
906 4233 987 4292 rrae.
1006 4249 1032 4302 p.
1052 4235 1105 4289 110
1122 4249 1179 4302 sqq.
