2964 4912
181 629 309 670 Libertatss

172 689 233 730 Galli
235 703 312 732 mmmmm

332 482 385 538 320
586 482 658 539 XLI.
696 483 736 537 De
754 477 943 538 Declaratione
962 483 1033 538 Cleri
1053 483 1198 543 Gallicani.

333 649 417 711 quac
433 625 656 690 Conciliorum
680 627 863 691 canonibus
884 636 1008 691 tantam
1033 627 1437 694 tribuebat'auctoritatem

333 727 425 808 quasi
451 723 483 790 S.
509 723 610 790 Sedes
644 723 726 788 nihil
759 726 793 788 in
828 747 883 788 cos
914 747 1046 810 prorsus
1079 727 1219 808 valeret,
1256 727 1357 791 veluti
1386 751 1434 813 pro

331 822 547 886 fundamento
586 822 729 908 quodam
765 822 995 907 subjecerunt,
1035 822 1196 910 Syaodam
1230 827 1439 890 oecumenicum

331 921 425 1007 Papa
440 941 505 984 esse
516 922 716 1006 superiorem.
743 920 842 984 Unde
854 919 1053 1005 efficiebant,
1071 944 1237 986 summum
1247 923 1437 1002 Pontificem,

331 1041 433 1104 penes
464 1040 562 1104 quem
586 1039 741 1103 suprema
765 1027 909 1102 potestas
934 1018 1155 1084 ecclesiastica
1186 1043 1253 1084 non
1277 1029 1376 1102 esset,
1407 1043 1440 1082 ne

332 1119 367 1180 in
392 1118 589 1203 dogmaticis
623 1117 757 1201 quidem
783 1114 1084 1182 Constitutionibus
1108 1119 1245 1182 edendis
1270 1139 1340 1181 esse
1363 1117 1441 1180 infal-

331 1215 467 1298 libilem,
484 1217 549 1279 nisi
565 1214 737 1278 Ecclesiae
753 1216 945 1278 accessisset
960 1217 1146 1281 auctoritas.
1168 1253 1204 1264 -
1224 1215 1351 1280 Verum
1367 1214 1440 1300 quod

327 1315 383 1400 jus
408 1315 445 1380 R.
469 1313 624 1378 Pontifici
655 1311 893 1394 detrahebant,
930 1312 993 1376 hoc
1017 1315 1086 1396 regi
1118 1313 1258 1399 aliisque
1289 1315 1347 1399 qui
1370 1314 1440 1396 regis

332 1413 527 1476 auctoritate
558 1410 782 1475 abutebantur
817 1409 1051 1492 vindicabant,
1088 1413 1183 1497 quasi
1215 1413 1271 1476 isti
1305 1411 1440 1475 homines

331 1511 407 1575 laici
433 1531 615 1590 canonum,
639 1530 780 1594 quorum
804 1530 838 1572 se
862 1509 1016 1574 custodes
1035 1510 1223 1594 jactabant,
1248 1519 1350 1594 atque
1373 1508 1440 1572 adeo

331 1607 501 1691 religionis
533 1608 707 1671 universae
740 1608 861 1672 summi
894 1616 1002 1671 essent
1036 1609 1231 1693 interpretes
1264 1616 1298 1671 et
1330 1605 1440 1671 arbitri.

333 1705 448 1786 Quid?
472 1705 560 1790 quod
585 1727 729 1791 eousque
749 1705 904 1769 licentiae
920 1707 1084 1790 progressi
1101 1715 1187 1787 sunt,
1213 1715 1249 1770 ut
1264 1705 1439 1770 libertatum

332 1803 581 1870 Gallicanarum
613 1824 733 1867 nomen
764 1802 818 1866 vel
850 1813 964 1866 contra
995 1805 1258 1888 acceptationem
1291 1823 1439 1868 canonum

332 1902 473 1968 Concilii
490 1902 679 1966 Tridentini
704 1900 896 1986 objicerent.
905 1899 929 1986 ¹)
973 1901 1090 1966 Merito
1109 1899 1247 1966 Charias
1272 1902 1294 1966 l.
1316 1925 1346 1968 c.
1370 1925 1395 1968 c.
1411 1901 1439 1963 13

331 2003 394 2065 ait:
429 1998 665 2084 „Commodius
696 2000 799 2081 igitur
829 1998 1046 2062 definirentur
1068 1999 1266 2064 Libertates*
1285 2000 1439 2064 Ecclesiae

331 2098 543 2162 Gallicanae:
568 2097 765 2178 Arbitrium,
789 2118 832 2159 ex
856 2098 1003 2182 antiquis
1023 2097 1194 2162 Ecclesiae
1218 2097 1363 2164 decretis
1383 2097 1439 2161 reti·

332 2196 433 2261 nendi
465 2206 563 2260 etex
586 2197 683 2260 novis
714 2194 911 2259 admittendi
937 2217 975 2258 ea
999 2204 1145 2278 tantum,
1182 2219 1269 2281 quae
1301 2197 1439 2262 videntur

332 2294 456 2359 utilia.“

865 2573 925 2636 11.

539 2721 726 2786 Eventus
749 2722 1043 2787 Deomraaoat
1058 2723 1242 2801 maeoti.

422 2900 472 2966 13.
510 2899 673 2963 Doctrina
696 2896 880 2979 Gallicana,
906 2897 1024 2961 infelix
1048 2896 1234 2962 discordiae
1258 2897 1383 2978 foetus,
1402 2895 1436 2958 uti

331 2995 495 3077 diximus,
534 3005 713 3080 „regnante
737 2995 909 3060 Ludovico
937 2995 1040 3076 XIII,
1076 2996 1133 3080 qui
1165 3017 1227 3080 pro
1250 3019 1312 3061 sua
1336 2999 1438 3083 pietate

329 3115 447 3180 pacem
479 3104 511 3158 et
535 3094 755 3158 concordiam.
777 3116 853 3157 cum
878 3092 910 3158 S.
936 3093 1021 3158 Sede
1052 3115 1262 3178 summopere
1291 3093 1436 3170 tuebatur,

330 3194 417 3256 inter
445 3191 614 3275 theologos
646 3190 774 3257 Galliae
812 3193 918 3276 magis
950 3193 1122 3277 magisque
1156 3193 1311 3256 evanuit·
1363 3191 1437 3270 Quae

331 3312 432 3376 quum
459 3292 505 3353 ita
528 3298 646 3372 essent,
671 3289 753 3354 illud
777 3289 900 3352 accidit
916 3287 1099 3354 Gallicanis
1123 3309 1202 3353 sane
1219 3299 1437 3374 opportunum,

331 3388 420 3475 quod
452 3390 623 3473 praecipui
657 3411 675 3452 e
704 3387 929 3452 saecularibus
961 3387 1158 3452 consiliariis
1191 3409 1291 3473 quos,
1329 3396 1436 3450 mortno

331 3486 503 3552 Cardinali
526 3487 711 3567 MazarinO,
742 3481 934 3550 Ludovicus
958 3485 1043 3548 XIV
1066 3484 1130 3548 sibi
1154 3484 1318 3567 adscivit,
1343 3501 1435 3549 eorum

331 3584 491 3648 doctrinis
520 3583 618 3668 plane
643 3606 676 3646 se
700 3582 909 3648 addixerant.
956 3581 1049 3646 Inter
1076 3603 1157 3668 quos
1182 3583 1353 3648 eminebat
1374 3579 1436 3644 cele

330 3681 494 3745 berrimus
528 3680 582 3745 ille
617 3681 764 3746 Joannes
796 3681 949 3766 Baptista
986 3679 1135 3761 Golbert,
1171 3701 1273 3765 quem
1308 3677 1435 3746 Jacobus

330 3779 501 3862 Benignus
523 3778 665 3843 Bossuet
686 3800 803 3842 verum
827 3779 1071 3843 Declarationis
1095 3776 1291 3842 Gallicanae
1314 3801 1342 3842 a.
1368 3772 1434 3839 1682

332 3877 441 3940 editae
464 3887 631 3940 auctorem
655 3877 823 3963 appellare
846 3899 913 3941 non
937 3876 1113 3941 dubitavit.
1157 3875 1253 3940 Idem
1282 3877 1434 3962 episcopus

333 3975 387 4037 oui
419 3995 526 4037 mores
565 3976 776 4060 actionesque
809 3976 909 4038 amici
942 3975 1085 4038 Ministri
1125 3972 1224 4058 plane
1261 3979 1432 4060 perspectae

378 4177 430 4310 79¹2
448 4177 503 4231 Ofr.
522 4177 719 4244 expositionem
735 4178 834 4233 indolis
853 4177 1041 4232 Gallicanismi
1068 4177 1097 4230 in
1116 4175 1229 4235 Collect.
1248 4177 1356 4232 Lacens.
1375 4168 1429 4228 II

332 4272 357 4325 1)-
448 4272 505 4322 sqq.
