3034 4894
420 485 460 539 De
479 484 567 540 initiis
587 483 898 553 pseudorcformationis.
1190 490 1223 544 17

94 629 280 693 conventui
297 629 463 713 Lipsiensi
480 631 788 710 Dominicanorum,
802 631 861 694 ubi
878 630 1030 696 Tetzelus
1048 631 1224 714 residebat,

93 726 325 794 tradebantur.
350 727 469 790 Exstat
486 728 584 790 etiarn
611 726 748 812 epistola
763 727 892 792 Alberti
917 728 1157 814 archiepiscopi
1182 729 1225 794 ad

96 824 305 890 consiliarios
336 847 412 889 suos
436 825 609 903 Hallenses
642 827 672 890 d.
698 826 729 892 d.
762 827 820 891 13⁰
843 827 1041 892 Decembris
1072 851 1101 894 a.
1129 828 1224 914 1517,

95 945 140 986 ex
181 946 247 1009 qua
281 923 456 1007 colligitur,
491 924 573 988 nihil
621 927 656 987 in
702 925 835 990 Tetzelo
883 927 1047 1011 vituperio
1086 905 1223 1010 dignum

95 1021 216 1101 fuisse3
242 1021 426 1106 postulatur
450 1034 578 1086 tantum
601 1021 741 1108 abipso,
766 1034 803 1087 ut
819 1023 1125 1090 subcommissarios
1142 1025 1226 1089 bene

96 1130 243 1200 moneat,
275 1130 312 1182 ut
342 1120 464 1186 exinde
488 1122 523 1184 in
547 1120 765 1201 sermonibus,
798 1121 909 1186 verbis
933 1132 965 1186 et
988 1124 1071 1186 actis
1102 1123 1226 1208 ubique

96 1238 246 1302 congruo
280 1239 314 1280 se
344 1230 461 1302 gerant
490 1218 598 1284 modo.
655 1219 742 1284 Petit
780 1221 880 1284 etiam
912 1219 1070 1284 Albertus
1100 1244 1120 1284 a
1153 1242 1228 1284 con-

2 1350 3 1360 *
95 1314 174 1379 silio
199 1315 361 1398 Hallensi,
394 1326 431 1379 ut
464 1331 580 1380 curent
611 1317 792 1380 maximam
824 1316 1080 1382 sollicitudinem
1112 1318 1227 1382 haberi

96 1414 140 1477 de
167 1415 329 1498 pecuniis,
361 1437 445 1500 quae
476 1436 534 1500 pro
567 1414 777 1499 eleemosyna
801 1417 976 1480 occasione
1000 1415 1228 1499 indulgentiae

96 1511 279 1594 dabantur,
304 1535 346 1576 ne
370 1512 450 1598 quid
471 1522 623 1598 exparte
640 1511 836 1577 Pontificem
854 1515 1068 1598 contingente
1091 1516 1125 1577 in
1151 1537 1229 1578 usus

96 1611 206 1695 ipsius
231 1610 473 1696 archiepiscopi
499 1609 741 1695 adhibeatur.¹)

196 1710 245 1774 17.
272 1707 385 1788 Quum
402 1710 503 1792 igitur
527 1709 753 1772 Protestantes
769 1719 931 1790 asserunt,
957 1718 1090 1795 propter
1106 1708 1230 1774 abusus

98 1806 284 1870 horrendos
300 1807 425 1870 Tetzeli
450 1816 564 1870 sancto
589 1807 719 1870 fervore
735 1807 921 1871 Lutherum
938 1819 1124 1892 permotum
1149 1829 1229 1889 esse,

99 1915 137 1968 ut
169 1906 203 1967 in
235 1927 311 1968 eum
343 1913 547 1988 exsurgeret,
581 1904 614 1991 id
648 1906 783 1968 omnino
814 1904 933 1968 falsum
967 1918 1023 1970 est.
1078 1904 1231 1970 Tetzelus

98 2003 226 2067 abusus
251 2024 316 2066 non
349 2003 523 2084 commisit,
559 2002 615 2065 sed
649 2013 763 2088 postea
792 2005 824 2066 in
858 2025 934 2066 eum
965 2013 1122 2087 congesta
1155 2013 1232 2066 sunt

99 2099 217 2182 multa,
244 2101 391 2163 maxima
411 2111 504 2185 parte
521 2101 655 2164 omnino
673 2099 797 2186 falsa.²³)
822 2138 864 2147 -
889 2101 985 2164 Ratio
1001 2103 1150 2166 intimior
1166 2123 1231 2186 qua

100 2200 241 2265 Lutheri
268 2201 300 2263 in
314 2199 496 2263 Ecclesiam
514 2197 648 2262 rebellio
666 2209 736 2263 orta
753 2209 848 2263 estet
865 2200 1067 2282 continuata,
1090 2197 1390 2302 fueruntss³2l¹12n¹2b⁰l

98 2301 277 2386 opiniones
301 2299 371 2384 ejus
395 2298 591 2380 haereticae,
617 2297 738 2383 quibus
757 2299 829 2382 jam
852 2297 949 2383 plene
973 2298 1120 2362 imbutus
1144 2309 1223 2381 erat,
1343 2291 1348 2301 ’

100 2420 252 2485 quasque
278 2396 355 2460 dein
379 2396 544 2460 obstinata
570 2407 678 2460 mente
702 2395 847 2482 abjicere
862 2395 977 2460 noluit.
1017 2396 1104 2462 Sane
1122 2398 1227 2462 indul·
1283 2415 1285 2420 ’

100 2497 291 2582 gentiarum
318 2497 406 2558 notio
432 2518 507 2558 cum
532 2504 710 2579 systemate
734 2515 792 2558 suo
818 2494 859 2558 de
878 2495 1119 2578 justificatione
1144 2519 1229 2560 eom-

102 2596 181 2682 poni
223 2616 290 2657 non
327 2603 463 2678 poterat,
504 2615 684 2678 eorumque
716 2616 796 2657 usus
827 2594 891 2677 ipsi
925 2615 966 2656 ex
1001 2593 1111 2658 indole
1144 2595 1233 2658 illius

104 2697 297 2777 systematis
328 2702 363 2754 ut
395 2693 543 2777 ineptum
575 2692 655 2776 quid
687 2701 720 2754 et
752 2692 1016 2776 superstitiosum
1041 2692 1256 2777 apparebat..

177 2964 198 3031 ¹)
220 2963 319 3024 erere,
338 2959 356 3014 l.
376 2976 398 3014 c.
417 2957 433 3028 ξ
453 2958 495 3013 16,
516 2987 549 2996 -
570 2956 663 3024 Quoad
681 2961 774 3010 taram
800 2972 832 3010 ea
851 2956 909 3010 fere
927 2962 1035 3011 statuta
1054 2963 1114 3012 erat
1131 2975 1232 3030 norma,

113 3049 141 3096 ut
156 3045 188 3098 ad
208 3040 354 3094 lucrandas
373 3036 567 3105 indulgentias,
588 3052 635 3104 pro
655 3040 794 3089 structura
813 3035 907 3103 templi
927 3053 947 3091 s.
968 3037 1045 3091 Petri
1064 3038 1234 3092 solverentur

109 3122 264 3191 aregibus,
290 3117 461 3186 principibus,
487 3117 624 3184 episcopis,
652 3123 702 3172 etc.
726 3118 762 3170 25
787 3115 882 3170 floreni
907 3116 996 3184 aursi;
1025 3117 1059 3169 ab
1083 3117 1233 3171 abbatibus.

105 3203 214 3271 magnis
233 3199 371 3268 praelatis,
391 3197 541 3261 comitibus,
561 3203 613 3252 etc.
634 3199 668 3251 10
687 3197 776 3264 aurei;
801 3196 984 3250 aminoribus
1003 3197 1141 3264 praelatis,
1160 3198 1234 3252 nobi-

103 3284 175 3338 libus
194 3298 228 3335 00
246 3280 301 3334 illis
320 3279 366 3346 qui
384 3293 488 3332 annuos
506 3279 559 3332 500
570 3275 730 3332 florenorum
749 3276 886 3330 habebant
904 3277 1199 3345 proventusdfloreni3
1219 3295 1235 3330 a

104 3363 212 3419 civibus
231 3367 260 3416 et
278 3358 472 3413 mercatoribus
491 3357 635 3411 ditioribus
661 3357 707 3423 qui
731 3373 834 3412 annuos
853 3359 907 3412 200
925 3357 982 3411 flor.
1011 3356 1148 3410 habebant
1175 3374 1235 3425 pro-

103 3449 206 3499 ventus
225 3442 242 3495 3
261 3439 369 3506 floreni;
393 3439 426 3493 ab
445 3439 506 3492 aliis
526 3437 630 3492 civibus
648 3439 770 3505 proprios
790 3437 954 3492 habentibus
975 3443 1121 3504 proventus
1145 3440 1155 3490 l
1176 3438 1233 3492 flor.

103 3522 269 3593 1101111101.
291 3518 345 3573 Alii
359 3519 442 3573 etiam
460 3519 548 3571 minus
568 3519 716 3582 solvebant,
737 3526 765 3571 et
784 3517 899 3570 arbitrio
912 3517 1040 3584 prudenti
1053 3518 1234 3584 poenitentia-

102 3606 209 3660 riorum
227 3617 271 3655 res
290 3600 512 3666 commitebatur3
537 3613 669 3666 pauperes
687 3613 752 3652 vero
771 3598 966 3664 eleemosynam
985 3598 1108 3664 precibus
1131 3598 1236 3665 supple

103 3687 191 3751 bant3
217 3698 287 3746 nam,
314 3680 414 3734 dicitur
432 3679 460 3733 in
479 3678 539 3746 ipsa
557 3679 738 3733 instructions
757 3677 872 3742 Alberti,
897 3693 1011 3745 regnum
1031 3678 1163 3732 coelorum
1182 3694 1235 3732 non

102 3764 196 3820 minus
215 3760 379 3830 pauperibus
399 3776 478 3826 quam
497 3759 629 3813 divitibus
648 3759 728 3834 debet
746 3764 849 3826 patere.
878 3788 904 3796 -
933 3758 1020 3826 Quum
1046 3756 1235 3826 indulgentiae

17 3899 19 3914 ,
102 3842 263 3914 publicatae
273 3846 371 3903 essent,
385 3852 417 3893 ut
429 3839 549 3894 subsidia
558 3840 592 3893 ad
606 3840 684 3893 aedes
695 3838 830 3906 Principis
840 3838 1030 3905 Apostolorum
1043 3838 1236 3893 construendas

17 3929 19 3970 Γ
104 3923 305 3986 obtinerentur,
324 3921 397 3974 haud
415 3921 512 3974 mirum
531 3920 593 3985 fuit,
613 3920 813 3988 praedicatores
827 3919 962 3984 insistere,
982 3925 1014 3972 ut
1026 3919 1143 3974 libenter
1161 3920 1236 3974 illam

17 3995 20 4060 i
105 4004 307 4068 eleemosynam
325 4001 398 4066 dent,
417 4016 467 4054 nee
485 3999 628 4068 refugiant
646 3999 750 4065 aliquid
763 3999 942 4064 contribuere,
962 4013 1044 4065 quum
1055 4000 1237 4068 tantagratia

18 4079 21 4118 ’ν
106 4081 247 4138 offeratur.
279 4082 354 4136 Haec
372 4087 467 4148 postea
485 4080 625 4134 offensioni
645 4079 735 4147 fuere;
754 4080 782 4134 id
795 4094 859 4133 vero
872 4079 1026 4147 praevideri
1046 4095 1098 4132 non
1118 4086 1235 4146 poterat.

20 4243 22 4264 ,
183 4179 207 4250 1)
227 4179 271 4234 Sic
290 4195 312 4236 0.
331 4194 359 4246 g.
378 4179 586 4232 narratiuncula
604 4178 736 4244 quaedam
755 4177 788 4232 de
806 4177 916 4232 Tetzelo
936 4181 964 4231 et
982 4177 1104 4244 reliquiis
1121 4177 1178 4245 jam
1197 4177 1237 4230 in·

20 4289 22 4336 t
108 4260 221 4316 venitur
239 4259 311 4327 apud
328 4259 470 4313 Boccaccio
489 4258 663 4322 Decameron,
683 4258 726 4313 die
745 4259 783 4322 ea,
803 4257 961 4312 narratione
981 4258 1040 4312 100.

21 4363 22 4415 l
168 4377 311 4426 Jungmann,
326 4377 516 4416 Dissertationes.
532 4376 595 4415 Tom.
610 4376 660 4416 Vll.
1079 4365 1096 4416 2
