3034 4894
315 524 349 578 18
439 523 580 580 XXXVII.
600 507 639 577 De
657 522 745 577 initiis
765 539 795 576 ac
814 523 846 576 de
864 538 976 590 propag.
996 521 1309 589 pseudoretormationis.

315 667 495 752 Quumque
519 675 611 730 tauta
635 688 712 730 cum
737 665 942 730 solemnitate
966 676 1124 752 tantoque
1141 689 1304 731 concursu
1329 666 1440 730 multi·
1498 675 1499 682 ’

314 765 440 830 tudinis
465 766 633 847 doctrinas
657 765 729 828 illas
754 765 914 830 debonis
938 765 1103 850 operibus,
1137 765 1178 829 de
1202 765 1441 844 satisfactione,

316 863 357 928 de
380 885 561 949 poenarum
591 866 784 930 remissione
814 887 873 950 per
896 864 1120 949 indulgentias
1144 864 1302 928 affirmari
1328 873 1360 927 et
1384 887 1441 927 an·
1498 883 1499 886 ’

316 961 462 1024 nuntiari
487 962 625 1040 videret,
651 961 784 1047 superbi
810 961 952 1026 hominis
976 965 1107 1026 animus
1133 960 1333 1028 irritabatur.
1498 957 1499 968 ¹

173 1059 287 1154 efflas
408 1060 457 1123 18.
504 1060 663 1124 Attamen
697 1072 733 1124 ut
768 1083 806 1123 ea
840 1062 1012 1124 occasione
1047 1062 1241 1144 insurgeret,
1282 1070 1442 1123 externae

316 1157 480 1244 quaedam
504 1157 638 1221 fuerunt
661 1160 815 1223 rationes.
855 1158 946 1222 Talis
971 1181 997 1221 e.
1023 1181 1054 1243 g.
1079 1158 1143 1222 fuit
1167 1158 1317 1222 simultas
1342 1179 1440 1243 quae·

317 1256 392 1319 dam
401 1254 720 1338 Augustinianorum
735 1254 864 1319 illarum
879 1259 1051 1340 regionum
1065 1258 1442 1337 contraDominicanos,

317 1375 391 1416 cum
424 1352 544 1438 quibus
576 1354 611 1416 in
645 1354 745 1416 variis
777 1353 935 1417 doctrinis
961 1353 1176 1427 dissidebant.
1225 1354 1443 1418 Dominicaui
1498 1387 1499 1414 ;

317 1439 515 1536 theologiam
541 1451 771 1515 scholasticam
795 1474 870 1514 cum
887 1453 1001 1535 vigore
1018 1451 1206 1532 tueba'ntur,
1232 1451 1311 1514 dum
1329 1451 1442 1534 Augu·
1498 1441 1499 1486 l

318 1551 453 1614 stiniani
478 1548 593 1613 saltem
618 1547 785 1612 Senoniae
816 1560 847 1612 et
875 1551 1053 1635 praecipue
1077 1549 1254 1630 Lutherus,
1289 1549 1441 1612 humani-

319 1657 443 1710 starum
477 1646 691 1731 opinionibus
725 1649 830 1732 magis
855 1670 889 1710 se
913 1647 1125 1711 ostenderent
1148 1647 1340 1727 addictos.¹)
1391 1647 1441 1710 Ex
1498 1715 1499 1728 ,

318 1743 601 1826 indulgentiarum
626 1766 722 1829 porro
747 1745 997 1829 praedicatione
1021 1745 1307 1828 novam'gloriam
1328 1746 1440 1807 Domi·

318 1843 430 1905 nicani
455 1843 681 1927 acquirebant.
714 1881 755 1888 —-
788 1842 1076 1926 indulgentiarum
1109 1843 1227 1906 harum
1261 1841 1440 1926 publicatio
1498 1849 1499 1860 ¹

319 1941 368 2003 uti
390 1940 550 2025 pluribus,
576 1943 622 2004 ita
646 1942 791 2005 maxime
816 1941 1070 2025 Augustiniauis
1086 1937 1439 2024 Wittembergensibus

320 2038 519 2124 displicebat
542 2049 675 2124 propter
699 2039 920 2121 incommoda,
946 2061 1030 2124 quae
1054 2038 1119 2102 illis
1143 2061 1186 2100 ex
1201 2037 1252 2101 his
1268 2039 1438 2121 indulgen·

319 2137 375 2198 tiis
405 2136 655 2221 proveniebant.
703 2141 794 2201 Dum
826 2139 913 2201 euim
940 2137 1167 2221 indulgentiae
1191 2139 1272 2200 istae
1297 2135 1441 2220 publica-

321 2235 452 2315 bantur,
477 2234 623 2320 reliquae
647 2235 875 2320 indulgentiae
892 2257 950 2320 pro
968 2236 1119 2298 octennio
1144 2234 1324 2319 suspensae
1342 2246 1439 2297 eraut.

320 2333 397 2397 Jam
423 2355 501 2396 vero
527 2333 715 2397 Fridericus
740 2333 861 2397 elector
885 2332 1049 2397 Senoniae
1080 2335 1190 2396 varias
1222 2332 1441 2417 indulgentias

322 2429 483 2494 solemnes
523 2430 710 2494 obtinuerat
750 2453 807 2516 pro
841 2430 980 2494 ecclesia
1004 2429 1128 2494 castelli
1154 2433 1204 2494 sui
1229 2430 1441 2493 Wittember-

322 2531 442 2612 gensis,
468 2539 499 2592 et
523 2528 633 2593 adhuc
657 2553 685 2593 a.
711 2531 795 2595 1516
819 2530 1008 2594 obtinuerat
1032 2529 1256 2612 indulgentias
1280 2551 1340 2612 pro
1365 2529 1440 2592 festo

323 2627 483 2693 Omnium
509 2626 715 2693 Sanctorum.
763 2628 816 2690 Ex
840 2630 903 2713 piis
937 2626 1093 2690 subsidiis
1118 2628 1291 2689 occasione
1316 2626 1440 2690 illarum

323 2725 606 2808 indulgentiarum
632 2725 759 2806 oblatis,
797 2735 999 2788 conventum
1024 2734 1056 2788 et
1080 2724 1252 2787 ecelesiam
1279 2735 1441 2787 exstruere

323 2823 459 2886 volebat
481 2825 812 2907 Augustinianorum,
845 2825 901 2909 qui
926 2834 1054 2886 tantum
1080 2822 1250 2886 habebant
1274 2823 1440 2886 ecclesiam
1498 2815 1499 2836 ³

324 2923 560 3006 provisoriam,
586 2932 769 2985 conventus
793 2931 903 2984 autem
921 2923 1053 2984 nonnisi
1069 2924 1165 2984 tertia
1186 2943 1262 3005 pars
1279 2929 1440 2984 exstructa

324 3030 405 3082 erat.
438 3018 550 3098 Quum
575 3020 676 3103 igitur
699 3019 852 3082 Tetzelus
875 3043 904 3085 a.
932 3020 1017 3083 1517
1043 3021 1077 3082 in
1101 3021 1235 3103 regione
1260 3021 1323 3081 ista
1349 3037 1439 3102 prope

328 3117 607 3201 Wittembergam
638 3118 861 3201 praedicaret,
899 3119 1163 3200 Augustiniauos
1197 3117 1230 3180 id
1267 3115 1437 3200 pungebat,
1498 3127 1499 3180 l

324 3216 413 3301 quod
441 3216 512 3300 jam
543 3213 692 3278 subsidia
724 3237 782 3301 pro
812 3215 974 3279 aedificiis
1004 3217 1071 3278 suis
1096 3238 1154 3300 pro
1179 3215 1276 3298 longo
1303 3227 1437 3298 tempore

325 3314 474 3378 obtinere
505 3312 648 3398 amplius
679 3335 745 3377 uon
776 3324 919 3398 possent,
956 3314 1110 3399 quodque
1143 3313 1320 3379 confluxus
1345 3310 1435 3375 omnis

401 3583 421 3645 ¹)
441 3580 618 3634 Humanistas
636 3578 815 3647 indulgentiis
839 3595 893 3632 non
918 3578 1026 3644 favisse,
1050 3579 1162 3647 colliges
1183 3594 1215 3630 ex
1234 3577 1325 3631 verbis
1345 3573 1437 3630 Erasui

325 3664 356 3717 in
376 3663 521 3717 Stultitiae
540 3661 636 3714 laude:
668 3658 754 3726 „Quid
773 3660 859 3712 dicam
878 3661 910 3714 de
929 3659 962 3712 iis
982 3660 1027 3725 qui
1046 3659 1098 3713 sibi
1116 3658 1187 3711 fictis
1207 3659 1339 3711 scelerum
1357 3655 1437 3711 condo-

326 3741 483 3796 nationibus
502 3739 661 3794 suavissime
680 3738 865 3804 blandiuntur,
885 3756 916 3793 ac
934 3739 1089 3807 purgatorii
1101 3739 1191 3806 spatia
1204 3738 1292 3793 veluti
1305 3733 1436 3806 clepsydris

241 3887 243 3894 y
326 3822 486 3886 metiuntur,
506 3821 619 3885 saecula,
640 3835 731 3884 annos,
750 3835 861 3884 menses,
881 3820 945 3884 dise,
964 3820 1051 3883 horas,
1072 3826 1202 3886 tanquam
1215 3833 1230 3872 e
1243 3817 1338 3871 tabula
1350 3814 1436 3870 mathe-

328 3902 427 3956 matica
446 3901 516 3954 citra
534 3901 619 3954 ullum
637 3918 755 3956 errorem
773 3901 953 3955 dimetientes.
975 3945 981 3957 .
1001 3943 1007 3956 .
1028 3945 1034 3958 .
1054 3900 1106 3954 Hie
1124 3900 1190 3954 mihi
1209 3906 1277 3967 puta
1295 3898 1436 3967 negotiator

327 3983 434 4048 aliquis,
460 3990 509 4034 aut
533 3981 618 4046 miles,
643 3989 692 4034 aut
714 3982 807 4053 judex,
833 3981 937 4048 abjecto
970 3986 1064 4034 extet
1091 3980 1194 4048 rapinis
1212 3979 1292 4033 unico
1316 3973 1435 4032 nummu10

327 4063 483 4116 universam
503 4061 575 4114 vitae
593 4062 708 4115 Lernam
727 4063 808 4117 semel
828 4068 1008 4130 expurgatam
1026 4067 1114 4130 putat,
1142 4067 1237 4126 totque
1257 4059 1378 4128 perjuria,
1401 4063 1433 4107 tot

330 4144 461 4207 libidines,
483 4147 525 4196 tot
544 4141 698 4206 ebrietates,
718 4150 760 4195 tot
781 4143 860 4204 rixas,
886 4149 929 4196 tot
948 4142 1048 4200 caedes,
1070 4147 1112 4194 tot
1131 4141 1294 4208 imposturas
1313 4137 1432 4193 existimat

329 4225 406 4277 velut
425 4228 555 4290 expecto
574 4223 669 4276 redimi
689 4227 717 4276 et
735 4223 775 4276 ita
794 4223 897 4286 redimi,
920 4228 953 4275 ut
975 4222 1032 4290 jam
1052 4222 1132 4275 liceat
1152 4221 1185 4273 ad
1205 4237 1304 4275 novum
1321 4217 1433 4272 scelernm

303 4326 306 4335 ¹
329 4305 421 4359 orbem
440 4305 472 4358 de
490 4305 599 4371 integro
618 4303 745 4360 reverti.“
