2964 4912
323 483 376 536 294
720 486 776 541 XL.
814 487 855 541 De
872 487 1052 546 Jansenismo.

325 621 512 710 Quesnelli,
539 627 691 692 Clemens
716 630 767 692 XI
790 632 944 696 eumdem
969 657 988 696 a
1012 633 1141 698 selectis
1166 635 1356 699 censoribus
1377 636 1428 699 dis-

271 715 272 718 *
324 727 390 788 cuti
403 725 513 810 jussit.
554 724 744 790 Secundum
760 731 953 794 unanimem
970 753 1083 795 eorum
1101 735 1299 797 sententiam
1314 756 1342 798 a.
1358 734 1429 798 1708

325 845 382 908 per
404 824 512 887 Breve
541 825 687 888 Universa
709 825 802 890 illum
827 827 1017 911 damnavit,
1044 839 1076 892 et
1099 853 1141 893 ne
1165 834 1240 916 quis
1264 853 1339 896 eum
1360 832 1428 915 lege·

323 932 373 986 ret
409 931 467 985 aut
498 922 657 987 venderet
691 923 751 986 sub
785 946 890 1008 poena
926 929 1281 993 excommunicationis
1314 931 1431 1016 majoris

323 1019 505 1100 interdixit,
531 1020 619 1105 quod
644 1023 678 1084 in
703 1043 740 1084 eo
757 1021 927 1086 doctrinae
952 1035 984 1096 et
1002 1028 1244 1110 propositiones
1260 1027 1429 1108 seditiosae,

322 1120 532 1197 temerariae,
558 1120 782 1202 perniciosae,
807 1142 977 1202 erroneae,
1007 1122 1089 1186 alias
1114 1123 1292 1188 damnatae
1317 1135 1347 1188 et
1369 1125 1430 1188 hae·

323 1218 421 1279 resim
454 1216 714 1280 Jansenisticam
750 1220 915 1302 sapientes
950 1223 1207 1288 continerentur.
1255 1223 1430 1288 Secundum

321 1313 492 1378 Pontificis
506 1315 613 1378 Breve
637 1338 665 1380 a.
685 1317 771 1380 1710
796 1319 942 1402 episcopi
961 1318 1169 1402 Rupellensis
1193 1322 1255 1402 (La
1277 1321 1432 1402 Rocbellel

323 1423 355 1474 et
378 1412 597 1476 Lucionensis
621 1413 766 1499 (Lucon)
795 1415 923 1499 junctis
949 1415 1094 1480 consiliis
1117 1417 1243 1482 litteras
1264 1421 1431 1504 pastorales

323 1509 516 1590 ediderunt,
549 1510 670 1595 quibus
702 1511 871 1591 Quesnelli
900 1512 984 1576 liber
1018 1526 1054 1576 ut
1077 1518 1283 1599 perniciosus
1312 1519 1431 1602 proscri-

323 1608 478 1689 bebatur,
505 1609 602 1672 simul
626 1610 855 1692 ostendebant,
881 1611 1048 1676 doctrinas
1068 1615 1330 1699 propositionum
1356 1617 1432 1700 quin·

324 1727 386 1790 que
409 1705 560 1769 Jansenii
593 1728 631 1770 eo
656 1709 834 1788 contineri,
868 1732 882 1771 s
918 1710 1104 1794 Augustino
1129 1721 1240 1775 autem
1274 1725 1344 1776 tum
1369 1714 1433 1778 Jan·

324 1807 452 1868 senium
477 1814 546 1867 tum
573 1804 788 1884 Quesnellum
813 1809 948 1870 omnino
973 1810 1159 1892 oppositum
1184 1833 1264 1874 esse.

415 1904 466 1968 83.
504 1901 569 1968 Sed
600 1903 663 1966 hac
687 1906 860 1976 occasione
884 1905 1063 1969 vehemens
1094 1917 1164 1970 orta
1189 1918 1237 1972 est
1262 1909 1433 1993 indignatio

325 1999 512 2066 Cardinalis
543 2001 583 2064 de
613 2001 759 2064 Noaillcs
789 2001 1031 2088 archiepiscopi
1062 2005 1269 2071 Parisiensis.
1324 2005 1431 2070 Adver-

322 2101 459 2164 tendum
494 2111 558 2181 est,
594 2108 631 2162 ut
655 2101 766 2163 omnia
801 2099 949 2163 inclara
980 2101 1053 2164 luce
1087 2113 1270 2186 ponantur,
1309 2105 1430 2188 primam

322 2199 595 2285 approbationem
637 2197 712 2260 libri
754 2196 921 2276 Quesnelli
959 2221 988 2263 a.
1025 2199 1108 2264 1671
1154 2201 1287 2265 dedisse
1326 2200 1431 2280 Vialar,

321 2311 401 2361 tunc
444 2297 636 2382 episcopum
671 2294 966 2376 Catalaunensem,
1004 2308 1103 2381 atque
1139 2297 1303 2382 explicari
1344 2307 1431 2384 potest

322 2396 411 2481 quod
444 2396 514 2480 ipse
539 2394 649 2457 minus
681 2392 862 2456 adverterit
891 2393 1057 2457 doctrinas
1081 2395 1152 2480 ejus
1184 2418 1376 2480 perversas,
1404 2416 1431 2457 eo

322 2493 410 2578 quod
442 2495 476 2555 in
500 2493 609 2576 prima
633 2489 782 2574 opusculi
808 2490 953 2553 editione
977 2501 1105 2555 tanturn
1138 2495 1288 2578 quinque
1314 2517 1356 2558 ex
1379 2513 1428 2578 pra

322 2589 542 2676 positionibus
577 2587 636 2652 101
679 2599 792 2672 postea
823 2589 989 2652 damnatis
1025 2591 1250 2655 inveniantur.
1300 2594 1429 2656 Mortuus

322 2699 371 2752 est
394 2687 509 2752 Vialar
532 2709 561 2752 a.
592 2686 686 2750 1680.
736 2687 833 2750 Anno
867 2696 977 2750 autem
1004 2688 1088 2752 1687
1115 2689 1216 2753 editio
1241 2700 1344 2754 aucta
1372 2686 1428 2751 libn'

321 2786 491 2872 publicata
515 2793 564 2848 est
587 2784 693 2847 tribus
717 2783 958 2867 uoluminibus,
990 2807 1075 2870 quae
1097 2796 1204 2850 totum
1229 2788 1365 2852 Novum
1387 2785 1430 2848 Te·

322 2893 521 2960 stamentum
546 2881 866 2967 complectebantur,
901 2884 935 2947 in
960 2883 1076 2946 eadem
1101 2884 1172 2969 jam
1197 2886 1240 2948 53
1266 2907 1312 2948 ex
1336 2903 1428 2970 propo·

322 2981 497 3046 sitionibus
532 2981 724 3065 proscriptis
758 2982 985 3045 inveniuntur.
1042 2983 1131 3046 Dein
1166 2983 1428 3068 complementum

321 3079 474 3144 ultimum
499 3080 629 3162 accepit
663 3078 726 3141 hoc
750 3099 832 3163 opus
856 3101 944 3142 nova
968 3079 1113 3143 editione
1137 3103 1166 3144 a.
1195 3081 1300 3162 1692,
1336 3099 1428 3166 quun-

218 3247 222 3256 ,
322 3201 385 3264 que
417 3179 525 3263 prima
559 3177 659 3240 editio
692 3176 808 3240 fuisset
844 3179 942 3240 unius
975 3177 1154 3241 voluminis
1190 3181 1224 3242 in
1261 3179 1331 3258 12⁰,
1365 3177 1429 3240 haec

322 3277 422 3342 editio
459 3286 528 3362 erat
562 3285 703 3361 quatuor
737 3274 944 3339 voluminum
979 3277 1013 3338 in
1047 3276 1093 3356 8⁰,
1130 3276 1314 3362 titulusque
1348 3276 1428 3338 etiam

322 3383 467 3438 mutatus
499 3396 537 3437 ea
567 3374 799 3456 inscriptione:
832 3373 875 3435 La
905 3395 1054 3436 nouvcauv
1077 3375 1258 3438 Testameat
1291 3397 1329 3438 ea
1348 3373 1427 3458 frou·

321 3475 388 3556 pais
419 3495 492 3536 doec
522 3471 578 3534 des
600 3471 768 3556 re'flaarioos
792 3470 927 3534 morales
958 3495 1013 3535 aar
1043 3472 1159 3557 citaque
1184 3484 1296 3538 verset.
1330 3468 1426 3557 (Paris,

321 3570 459 3634 Pralard
478 3569 585 3648 1692).
632 3570 795 3654 Apposita
820 3578 889 3632 erat
912 3591 1056 3653 eousque
1071 3567 1227 3632 omnibus
1244 3566 1428 3633 editionibus

320 3670 492 3754 primitiva
525 3667 720 3752 approbatio
754 3669 900 3752 episcopi
933 3667 1056 3732 Vialar.
1105 3668 1190 3731 Inde
1223 3667 1266 3730 ab
1298 3691 1327 3731 a.
1359 3661 1426 3728 1691

317 3768 388 3852 jam
407 3765 626 3830 movebantur
650 3765 803 3850 querelae
827 3766 868 3829 de
893 3764 967 3828 libri
991 3765 1159 3847 doctrinis,
1184 3788 1225 3829 ac
1239 3766 1426 3845 Fromageau

322 3865 438 3932 doctor
462 3862 662 3928 Serbonious
686 3865 853 3948 excerpsit
870 3863 933 3926 199
957 3863 1199 3948 propositiones
1216 3858 1425 3945 corrigendas;

321 3963 503 4048 generatim
528 3971 638 4025 tamen
671 3983 773 4047 quum
798 3982 965 4024 venenum
989 3962 1067 4024 satis
1091 3960 1224 4042 lateret,
1259 3982 1339 4046 opus
1360 3950 1424 4020 illud

322 4059 476 4124 leudibus
511 4060 717 4124 efferebatur.
765 4060 861 4122 Anno
889 4059 974 4124 1695
1008 4080 1095 4123 nova
1120 4057 1222 4124 editio
1253 4058 1327 4122 libri
1351 4049 1423 4118 haud

322 4162 495 4221 immutata
530 4158 618 4220 facta
651 4167 715 4236 est,
752 4179 890 4241 eamque
928 4159 1072 4242 primum
1113 4156 1349 4242 approbatione
1377 4169 1424 4213 sua

321 4257 466 4318 munivit
490 4255 531 4318 de
555 4255 699 4319 Noaillcs
723 4265 802 4319 tunc
827 4259 1000 4340 episcopus
1026 4253 1287 4319 Catalaunensis.
