3034 4894
408 473 449 529 De
466 477 666 544 propagatione
684 477 914 533 Protestantismi.

636 874 696 935 11.

280 1029 345 1091 De
365 1033 667 1112 prmsapattoae
690 1031 1042 1096 Proteatarottsmt.

184 1204 239 1268 37.
286 1206 439 1288 Longum
472 1216 521 1270 est
551 1206 745 1292 singillatim
777 1209 912 1286 referre,
944 1207 1077 1293 quando
1102 1217 1133 1270 et
1157 1230 1223 1292 qua

102 1301 223 1365 ratione
247 1303 282 1366 in
309 1304 409 1366 variis
432 1304 625 1387 regionibus
649 1305 794 1369 haeresis
819 1328 853 1369 se
876 1306 1126 1391 propagaverit3
1151 1307 1222 1369 uni-

102 1399 218 1462 versim
242 1402 352 1484 potius
377 1411 409 1465 et
432 1424 644 1487 persumme
669 1406 779 1488 capita
803 1402 1032 1468 enarrabimus
1056 1426 1105 1486 aa,
1137 1426 1222 1490 quae

101 1495 139 1558 ad
163 1495 251 1560 hanc
275 1502 547 1584 propagationem
571 1511 737 1586 spectant,
769 1513 806 1565 ut
829 1503 1049 1587 perspiciatur
1077 1523 1221 1587 quanam

100 1594 152 1658 via
175 1617 215 1658 ea
239 1606 389 1680 promota
411 1598 519 1681 fuerit,
545 1608 577 1662 et
599 1621 701 1685 quare
726 1597 890 1664 Catholici
913 1622 981 1664 non
1005 1622 1042 1664 eo
1068 1622 1222 1685 pervene-

99 1693 161 1755 rint
184 1703 221 1756 ut
246 1715 318 1758 eam
335 1694 535 1763 inhiberent.
561 1735 602 1746 -
629 1697 741 1778 Quum
758 1697 924 1761 Lutherns
948 1699 983 1761 in
1000 1697 1132 1761 castello
1156 1719 1220 1784 quo

12 1849 13 1860 ,
99 1812 131 1852 se
153 1803 325 1876 receperat
349 1793 492 1879 degeret,
524 1797 559 1859 in
591 1797 728 1860 civitate
751 1795 912 1860 Zwiokau
943 1797 1103 1859 excitavit
1126 1796 1222 1860 Nico-

98 1886 166 1951 laus
191 1888 310 1953 Storch
345 1891 644 1977 Anabaptistarum
674 1903 817 1976 sectam3
852 1894 924 1980 ojus
956 1893 1078 1978 placita
1110 1904 1222 1958 autern

1258 1689 1365 1730 IIaeresIs

1240 1753 1381 1802 propagatio.

98 1985 365 2071 Wittembergae
394 1992 574 2063 arriserunt
607 1990 844 2057 Oarolostadio.
901 1991 1013 2072 Quum
1044 1989 1223 2055 violentius

97 2085 147 2148 isti
172 2086 209 2147 in
233 2089 336 2150 variis
358 2088 457 2152 rebus
481 2099 513 2153 et
536 2089 655 2154 ritibus
680 2089 882 2154 innovandis
904 2088 1132 2176 procederent,
1155 2100 1222 2151 tur·

97 2180 156 2245 hae
181 2205 251 2246 non
275 2185 425 2249 modicae
449 2196 583 2251 exortae
600 2197 687 2252 sunt.
725 2188 816 2269 Quas
832 2197 868 2251 ut
893 2188 1031 2267 sedaret,
1056 2185 1224 2250 Lutherns

98 2301 209 2344 mense
241 2281 360 2346 Martio
395 2285 480 2348 1522
519 2285 688 2350 castellum
718 2285 801 2350 illud
824 2285 968 2372 reliquit,
1007 2307 1047 2348 ac
1072 2285 1223 2349 Wittem·

97 2376 231 2463 bergam
267 2402 419 2446 reversus
450 2384 528 2446 inde
563 2406 687 2448 errores
720 2407 796 2449 suos
827 2383 921 2448 libris
953 2393 984 2447 et
1015 2382 1223 2447 sermonibus

98 2497 280 2562 propagare
293 2482 449 2562 perrexit.
465 2482 550 2566 Ejus
559 2482 696 2568 ,adjutor
708 2484 906 2568 praecipuus
918 2482 982 2546 fuit
993 2480 1223 2564 Melanchton3

97 2576 248 2660 variique
281 2575 339 2639 alii
372 2581 435 2642 viri
471 2579 592 2644 eruditi
627 2590 698 2644 turn
723 2580 989 2664 Wittembergae
1022 2589 1093 2643 tum
1130 2579 1222 2658 alibi,

98 2675 180 2738 inter
204 2695 287 2758 quos
311 2697 377 2739 non
402 2678 501 2761 pauci
526 2677 713 2742 sacerdotes
736 2701 775 2742 ac
799 2677 945 2760 religiosi
970 2687 1148 2763 apostatae,
1174 2700 1224 2741 er·

97 2793 183 2836 rores
219 2773 393 2856 pestiferos
426 2775 696 2840 disseminarunt.
755 2776 1032 2860 Augustinienses
1069 2774 1221 2840 Wittem-

99 2868 284 2954 bergenses‚
309 2873 558 2937 contradicente
574 2875 688 2937 Priore
705 2885 737 2936 et
753 2874 881 2960 aliquot
893 2872 1066 2937 Fratribus
1090 2874 1224 2937 seniori-

102 2966 165 3052 bns,
200 2979 279 3036 vota
307 2993 367 3034 sua
391 2971 578 3055 rejecerunt
600 2981 633 3035 et
656 2972 803 3036 Luthcro
828 2971 1067 3051 adhaeserunt3
1100 2970 1223 3034 similia

97 3065 174 3132 alibi
200 3068 406 3134 acciderunt.
453 3067 646 3136 Generatim
671 3091 750 3134 vero
782 3072 869 3134 inter
892 3069 1056 3134 studiosos
1080 3068 1222 3132 Univer-

95 3167 231 3230 sitatum
264 3189 304 3231 ae
334 3166 561 3231 adolescentes
585 3168 860 3232 innovationibus
892 3167 1032 3231 Lutheri
1065 3165 1159 3230 multi
1190 3190 1224 3230 se

89 3263 287 3347 junxerunt.
349 3264 403 3328 Ad
444 3286 561 3328 causas
599 3287 681 3349 quas
720 3267 871 3350 superius
903 3266 975 3350 jam
1012 3266 1226 3349 exposuimus

95 3363 196 3425 etiam
238 3361 370 3444 addas„
400 3384 525 3426 errores
562 3361 702 3426 Lutheri
741 3363 909 3449 superbiae
948 3373 980 3427 et
1010 3363 1226 3447 concupiscen-

94 3461 170 3542 tiae,
195 3460 287 3523 vitiis
304 3459 476 3523 hominum
493 3470 636 3523 naturae
653 3462 771 3538 insitis,
796 3463 943 3524 maxime
959 3457 1225 3524 accommodatos

92 3579 130 3620 ao
155 3567 268 3640 gratos
290 3558 401 3621 fuisse.
449 3556 636 3641 Superbiae
667 3559 815 3644 quidem,
848 3580 951 3644 quum
979 3558 1061 3643 jugo
1085 3559 1224 3620 auotori-

91 3655 170 3718 ta'tis
201 3654 446 3719 ecclesiasticae
476 3677 518 3718 ex
549 3677 638 3720 nova
662 3656 814 3720 doctrina
842 3657 943 3720 animi
977 3657 1223 3732 eximerentur3

92 3755 385 3837 concupiscentiae
409 3763 531 3833 autom,
557 3775 660 3838 quum
684 3777 727 3818 ex
750 3756 914 3818 sententia
931 3753 972 3818 do
988 3762 1107 3816 natura
1124 3751 1224 3836 plane

91 3861 248 3934 corrupta
279 3873 319 3914 ac
350 3851 392 3915 de
423 3850 488 3914 fide
515 3852 722 3936 justificante
745 3851 926 3917 libidinum
950 3860 1084 3937 possent
1113 3849 1223 3913 laxari

91 3948 256 4028 habenae.
292 3949 415 4012 Mirum
440 3950 541 4032 igitur
565 3972 631 4014 non
656 3960 714 4032 est,
740 3950 865 4035 ubique
888 3949 1035 4014 locorum
1059 3946 1222 4010 haeresim

93 4047 192 4109 istam
216 4046 358 4110 asseclas
382 4069 448 4111 non
472 4069 596 4132 paucos
620 4050 805 4128 invenisse3
830 4050 930 4133 iique,
956 4044 1045 4132 quod
1069 4045 1102 4108 in
1120 4043 1222 4108 rebel-

92 4142 239 4208 lionibus
263 4144 420 4209 civilibus
445 4167 576 4231 quoque
592 4146 744 4209 accidere
759 4145 851 4228 solet,
877 4165 996 4230 magno
1012 4163 1088 4205 cum
1107 4143 1226 4224 vigore

94 4251 218 4305 sectam
243 4241 382 4306 dilatare
409 4242 600 4307 studebant.
