3034 4894
275 471 311 526 38
402 473 544 528 XXXVII.
563 473 604 528 De
621 474 710 529 initiis
729 491 761 528 ae
779 475 812 528 dc
830 489 944 543 propag.
963 474 1272 542 pseudoreformationis.

365 615 418 680 38.
465 617 648 702 Praecipue
673 629 783 681 autem
808 619 974 703 apostasia
998 620 1185 704 principum
1211 621 1331 698 effecit,
1363 629 1403 681 ut

276 712 309 774 in
345 709 528 777 Germania
560 714 820 800 septemtrionali
852 715 1167 801 pseudoreformatio
1199 717 1261 779 ista
1285 736 1405 800 propa-

274 818 417 891 garetur.
464 812 637 897 Principes
667 815 755 876 enim
786 834 865 876 mox
888 823 1137 898 perspexerunt,
1169 834 1289 896 magno
1315 833 1403 876 com-

276 907 373 971 modo
405 909 577 994 temporali
611 913 691 996 ipsis
721 912 789 976 fore
820 910 1100 976 introductionem
1131 910 1206 975 talis
1229 910 1404 993 religionis

275 1007 309 1068 in
334 1028 393 1070 sua
417 1009 590 1074 territoria.
639 1010 704 1073 Via
728 1011 775 1074 eis
800 1019 914 1096 aperta
938 1020 1017 1090 crat,
1052 1020 1088 1073 ut
1118 1010 1215 1074 bonis
1239 1017 1404 1073 monaste-

274 1105 398 1166 riorum
423 1106 616 1189 potirentur,
643 1108 708 1170 imo
734 1118 766 1172 et
789 1109 926 1192 integris
950 1105 1161 1171 abbatiarum
1181 1116 1213 1171 et
1233 1109 1404 1191 episcopa-

275 1210 368 1266 tuum
392 1203 574 1283 territoriis,
598 1215 699 1291 utque
716 1215 911 1290 potestatem
935 1227 1029 1269 suam
1053 1215 1213 1288 augerent
1237 1227 1284 1286 eo,
1310 1205 1405 1290 quod

275 1299 373 1363 etiam
398 1301 433 1362 in
457 1323 492 1363 re
507 1301 677 1385 religionis
691 1305 840 1387 regimen
853 1325 1044 1388 supremum
1057 1305 1137 1388 ipsis
1151 1302 1402 1367 concederetur.

274 1395 518 1462 Alliciebantur
550 1402 649 1464 etiam
683 1401 771 1482 inde,
805 1401 893 1486 quod
917 1400 1125 1482 libidinibus,
1158 1402 1201 1465 ad
1233 1424 1315 1487 quas
1345 1423 1404 1463 ex-

275 1493 413 1579 plendas
437 1498 604 1582 principes
627 1501 797 1583 proniores
822 1521 892 1562 esse
909 1498 1023 1580 solent,
1049 1521 1091 1562 ex
1107 1520 1216 1562 novae
1230 1497 1405 1582 religionis

275 1593 448 1677 principiis
473 1596 672 1679 satisfacere,
698 1621 737 1661 ac
761 1597 1008 1681 religiositatem
1033 1597 1212 1683 quamdam
1238 1619 1314 1660 cum
1330 1596 1406 1658 vita

220 1714 223 1718 ·
274 1689 427 1754 liberiore
463 1695 664 1778 conjungere
699 1706 842 1781 possent.
881 1734 924 1742 -
962 1696 1004 1758 In
1035 1697 1209 1759 territoriis
1238 1694 1406 1759 Electoris

274 1785 450 1870 Saxoniae,
475 1791 553 1856 inde
577 1793 619 1858 ab
644 1797 750 1874 initio,
775 1793 919 1857 haeresis
943 1815 1134 1879 progressus
1156 1794 1235 1857 fecit
1260 1803 1310 1856 sat
1334 1815 1405 1855 am-

273 1883 355 1970 plos,
381 1907 484 1970 quum
508 1890 674 1956 Lutherus
697 1892 861 1956 frueretur
884 1894 1088 1976 protectione
1113 1892 1287 1956 Friderici.
1334 1890 1406 1953 Hic

274 1992 386 2046 tamen
425 1987 495 2070 ipse
534 1990 568 2052 in
605 1990 765 2076 religione
796 1990 958 2054 catholica
991 2000 1137 2053 mortuus
1169 2000 1235 2071 est3
1276 1988 1406 2052 dixeris

274 2082 450 2166 cupientem
473 2085 565 2149 illum
590 2091 797 2172 cognomine,
827 2088 960 2174 stupida
984 2098 1093 2151 mente
1118 2109 1184 2152 non
1208 2087 1308 2172 plane
1332 2107 1405 2170 per-

276 2181 424 2262 spexisse
448 2188 689 2268 separationem
714 2187 804 2251 illam
830 2185 1028 2272 completam
1052 2186 1095 2250 ab
1116 2185 1268 2249 Ecclesia
1291 2183 1405 2247 catho-

275 2273 349 2356 lica,
375 2300 474 2363 quam
499 2282 644 2348 haeresis
669 2287 732 2349 ista
757 2283 947 2349 inducebat.
979 2284 1061 2369 Ejus
1085 2306 1254 2349 successor
1277 2281 1404 2347 Johan-

276 2395 334 2437 nes
357 2380 491 2442 omnino
509 2380 647 2446 Lutheri
673 2384 841 2447 erroribus
864 2382 1018 2447 addictus
1036 2391 1115 2465 erat,
1140 2403 1180 2445 ac
1198 2380 1259 2444 sub
1285 2378 1406 2443 eodem

275 2471 390 2556 religio
415 2497 503 2540 nova
526 2479 624 2563 plane
654 2482 843 2546 introducta
873 2482 945 2546 fuit.
994 2479 1112 2544 Statim
1149 2489 1223 2564 post
1263 2487 1406 2542 mortem

276 2569 439 2636 Friderici
465 2575 511 2656 (d.
524 2578 562 2641 5⁰
575 2578 655 2664 Maji
681 2581 838 2661 111525),
865 2578 1030 2643 Lutherus
1043 2581 1188 2664 primum
1214 2578 1405 2641 ministrum

277 2667 445 2733 ordinavit
468 2672 536 2754 (die
564 2678 622 2739 140
645 2679 726 2763 Maji
750 2702 780 2743 a.
808 2678 918 2758 1525),
944 2687 975 2740 61
998 2699 1136 2740 uxorem
1161 2677 1258 2740 duxit
1283 2673 1405 2738 Catha-

276 2767 382 2830 rinam
415 2770 456 2832 de
489 2771 575 2836 Bora
606 2774 674 2857 (die
709 2777 767 2840 15ο
797 2776 892 2840 Junii
923 2797 954 2839 a.
988 2775 1084 2855 1525)
1116 2772 1294 2838 monialem
1328 2793 1404 2857 apo·

277 2872 406 2929 statam.
811 2871 813 2876 '
1011 2865 1015 2875 '

106 2977 267 3048 nossentne.
367 2965 420 3030 39.
467 2967 595 3032 Eodem
625 2980 776 3055 tempore
808 2971 946 3035 Lutheri
981 2970 1128 3034 haeresis
1152 2972 1187 3032 in
1216 2968 1406 3030 Boratsciant

119 3037 252 3148 &affl
277 3060 375 3125 foeda
404 3068 570 3148 apostasia
604 3079 652 3132 est
685 3070 883 3135 introducta.
931 3067 1073 3135 Suberat
1100 3067 1258 3130 Berussia
1283 3063 1404 3130 Ordini

276 3158 436 3243 Equitum
469 3163 742 3249 Teutonicorum,
783 3189 922 3252 quorum
960 3187 1133 3251 supremus
1169 3164 1331 3246 Magister
1366 3183 1402 3224 eo

275 3265 422 3342 tempore
453 3273 523 3325 erat
553 3262 719 3344 Albertus,
757 3288 774 3328 e
807 3264 934 3329 familia
970 3264 1201 3327 marchionum
1233 3261 1403 3330 1116111161-

277 3350 491 3439 burgensium
517 3361 551 3424 in
570 3363 758 3427 Franconia
782 3365 952 3428 oriundus.
999 3364 1032 3426 Is
1057 3381 1143 3425 anno
1171 3358 1257 3423 1522
1283 3378 1403 3421 sermo-

277 3452 376 3517 nibus
388 3455 544 3521 Andreae
557 3459 714 3526 Osiandri
732 3463 902 3548 ipsiusque
916 3461 1054 3525 Lutheri
1071 3457 1208 3523 consilio
1226 3459 1402 3535 excitatus,

278 3563 314 3616 ut
337 3552 496 3636 religione
520 3558 684 3624 catholica
701 3570 733 3625 61
747 3559 872 3626 Ordine
897 3560 1044 3640 desertis,
1070 3579 1192 3622 novam
1207 3555 1402 3638 religionem

278 3663 467 3732 assumeret,
499 3658 633 3740 nuptias
664 3660 762 3722 iniret
786 3669 817 3722 et
840 3659 1032 3722 Borussiam
1055 3665 1218 3741 tanquam
1244 3653 1402 3717 ducatum

278 3748 479 3814 saecularem
493 3752 555 3816 sibi
567 3757 764 3838 vindicaret,
781 3758 894 3842 pravis
906 3755 1052 3821 consiliis
1066 3756 1173 3819 cessit.
1199 3751 1301 3815 Anno
1320 3750 1401 3815 1523

279 3852 526 3914 concionatores
538 3852 746 3918 Lutheranos
771 3858 806 3918 in
818 3856 1008 3919 Berussiam
1034 3853 1188 3931 vocavit3
1213 3847 1401 3914 61111ο1525

278 3951 361 4018 inito
396 3974 473 4015 cum
496 3946 711 4040 sigismundo
736 3976 813 4038 rege
835 3952 992 4017 Poloniae
1016 3951 1148 4015 foedere
1172 3949 1214 4013 ab
1240 3970 1278 4012 eo
1303 3950 1402 4032 impc-

277 4054 389 4133 travit,
425 4062 462 4116 ut
494 4055 558 4118 sior
581 4054 772 4117 Borussiam
808 4049 1001 4115 orientalem
1026 4051 1054 4112 is
1082 4058 1243 4134 tanquam
1268 4043 1401 4110 feudum

278 4151 474 4217 Polonic'um
508 4151 676 4216 conferret.
731 4150 843 4231 Quum
877 4171 955 4212 vero
976 4147 1148 4212 Ordinem
1182 4145 1399 4208 Teutonicum

280 4271 402 4333 magna
424 4271 553 4313 morum
575 4250 735 4313 relaxatio
756 4250 941 4328 invasisset,
967 4247 1089 4309 mirum
1114 4253 1258 4324 nonest,
1285 4241 1399 4305 multos
