3034 4894
173 1325 302 1362 Tendenrta

173 1387 202 1424 ad
216 1391 291 1424 trans·

179 1449 287 1488 actiones.

322 465 356 515 50
614 460 771 518 XXXVIII.
792 462 832 516 De
851 461 968 516 Concilio
987 461 1154 518 Tridentino.

322 607 467 668 maxime
497 606 643 668 activam
667 607 700 669 in
727 604 850 670 bonum
875 605 1043 690 religionis
1075 627 1150 670 cum
1174 608 1261 671 votis
1284 607 1437 691 religiosis

316 705 505 787 jungerent,
530 703 610 766 dum
634 704 839 787 antiquiores
862 703 1005 768 Ordines
1030 705 1197 770 exercitiis
1221 707 1312 772 vitae
1337 727 1439 770 moma-

321 803 423 864 sticae
447 800 680 864 communibus
703 800 904 886 permultum
928 801 1104 868 deferrent.
1150 801 1323 868 Exercitia
1346 804 1440 887 igitur

322 898 377 962 illa
413 901 620 977 communia,
655 920 785 964 necnon
818 901 964 964 severior
997 899 1235 964 monachorum
1270 901 1379 964 vietus
1413 913 1441 966 et

322 998 439 1077 cultus,
472 997 712 1083 aliquantisper
736 999 771 1060 in
795 996 859 1062 illis
883 996 1068 1064 Ordinibus
1093 998 1283 1063 modificata
1308 998 1361 1061 vel
1388 1001 1439 1062 im·

323 1097 450 1160 minuta
474 1096 622 1177 fuerunt,
656 1117 720 1180 quo
746 1095 851 1178 magis
877 1096 965 1158 vitae
994 1097 1124 1160 activae
1155 1095 1305 1162 membra
1329 1119 1440 1160 vacare

324 1205 467 1280 possent.

415 1294 467 1356 24.
514 1291 616 1356 Haud
650 1293 791 1374 exiguus
824 1294 935 1377 itaque
974 1292 1069 1375 vigor
1104 1299 1291 1378 magnaque
1325 1294 1439 1356 virium

327 1392 491 1455 contentio
523 1390 566 1453 ad
597 1388 858 1475 promovendam
882 1388 1077 1472 religionem
1105 1389 1176 1474 jam
1201 1389 1252 1454 his
1278 1391 1440 1455 decenniis

325 1488 463 1552 Lutheri
495 1487 608 1552 turbas
640 1487 824 1552 subsecutis
859 1489 894 1551 in
919 1487 1070 1552 Ecclesia
1101 1488 1264 1552 catholica
1288 1512 1323 1554 se
1346 1491 1440 1552 mani-

323 1587 466 1651 festavit.
515 1587 626 1671 Atque
660 1607 791 1665 omnes,
824 1606 963 1670 quorum
995 1606 1087 1648 mens
1109 1585 1272 1670 ueligioni
1305 1586 1439 1652 tuendae
1501 1587 1502 1650 l

322 1684 457 1748 addicta
493 1695 570 1766 erat,
605 1684 647 1747 ad
672 1683 941 1747 reformationem
966 1704 1094 1746 morum
1128 1693 1160 1746 et
1192 1683 1357 1748 abusuum
1394 1685 1439 1748 ad·
1501 1687 1502 1706 ¹

321 1782 541 1847 laborandum
552 1805 622 1846 esse
636 1781 892 1864 conveniebant,
915 1780 1058 1866 indeque
1073 1781 1436 1846 variareformationun

321 1884 506 1945 tentamina
530 1890 644 1944 exorta
669 1890 754 1944 sunt.
796 1877 895 1958 Quod
920 1900 998 1942 vero
1023 1878 1067 1942 ad
1086 1881 1279 1944 scissionem
1303 1904 1323 1944 a
1338 1880 1438 1944 Prote·

323 1981 485 2043 stantibus
500 1979 670 2043 inductam
688 1987 825 2062 spectat,
842 1976 965 2061 duplex
979 1985 1049 2040 erat
1063 1978 1150 2041 inter
1164 1979 1254 2042 viros
1269 1977 1440 2041 catholicos

322 2081 434 2164 opinio
472 2090 502 2141 et
536 2076 716 2140 tendentia.
769 2075 845 2138 Non
869 2076 968 2160 pauci
993 2074 1244 2158 existimabant,
1282 2097 1341 2160 per
1375 2097 1439 2138 con·

323 2179 486 2241 cessiones
518 2176 646 2260 aliquas
680 2176 714 2237 in
741 2173 840 2237 rebus
873 2172 1143 2256 disciplinaribus
1167 2183 1198 2236 et
1224 2195 1283 2256 per
1307 2172 1440 2257 explica-

323 2276 445 2338 tionem
471 2276 634 2338 mitiorem
659 2273 895 2352 doctrinarum,
928 2274 1151 2336 transactione
1175 2272 1279 2336 veluti
1305 2273 1440 2359 quadam

323 2374 482 2453 instituta,
508 2372 551 2435 ad
575 2373 732 2434 unionem
756 2370 871 2433 reduci
896 2390 993 2454 posse
1009 2370 1241 2436 Protestantes.
1270 2370 1334 2434 Illa·
1349 2372 1442 2454 igitur

323 2472 379 2534 via
403 2480 529 2534 tentata
552 2470 617 2534 fuit
640 2473 674 2534 in
691 2470 864 2555 colloquiis
879 2467 1052 2552 religiosis,
1078 2493 1117 2532 ac
1132 2472 1328 2554 praesertim
1346 2471 1440 2533 Ratis·
1500 2497 1501 2546 3

324 2569 430 2632 bonae
454 2592 483 2633 a.
503 2569 586 2632 1541
613 2570 753 2632 nimium
779 2567 847 2630 fere
864 2564 1028 2630 Catholici
1044 2567 1310 2631 Protestantibus
1334 2567 1441 2630 cedere

324 2669 386 2730 visi
411 2676 497 2733 sunt.
545 2665 691 2751 Legatus
718 2665 782 2728 fuit
806 2665 848 2728 ad
874 2661 1018 2728 Comitia
1042 2667 1104 2728 ista
1128 2688 1147 2728 a
1170 2665 1275 2729 Paulo
1298 2664 1350 2729 ΙΙΙ
1374 2665 1439 2728 Car·

324 2764 444 2829 dinalis
462 2763 678 2846 Centarenus,
703 2765 756 2826 vir
773 2785 852 2826 sane
876 2763 1018 2826 eximius
1042 2773 1075 2825 et
1097 2765 1332 2846 integerrimae
1356 2763 1440 2838 fidei3

324 2886 415 2948 spem
447 2874 558 2927 tamen
592 2866 691 2927 etiam
720 2865 791 2948 ipse
824 2861 970 2942 fovebat,
1004 2862 1311 2926 reconciliationem
1342 2862 1440 2925 Prote-

325 2963 483 3025 stantium
523 2984 583 3045 per
624 2960 788 3046 colloquia
820 2959 984 3044 ejusmodi
1018 2959 1161 3024 obtineri
1197 2982 1304 3044 posse.
1355 2961 1440 3043 „Ipse

325 3060 491 3142 videlicet,
517 3061 620 3123 nimia
645 3059 793 3122 fortassis
808 3058 849 3122 de
867 3079 927 3121 sua
942 3079 1099 3143 operaac
1113 3059 1317 3143 praestantia
1333 3077 1440 3121 causae

325 3168 484 3254 concepta
516 3180 583 3242 spe,
615 3157 738 3254 nedum
771 3155 906 3241 quidem
938 3156 1018 3218 satis
1047 3155 1183 3219 edoctus
1211 3156 1439 3240 experimento,

324 3257 467 3336 rebatur,
493 3256 697 3318 medicorum
717 3254 808 3336 viiic,
833 3274 899 3316 non
915 3253 1090 3316 humorum
1107 3255 1273 3339 pravitate
1298 3255 1437 3316 morbum

325 3354 536 3440 protrahi.“¹)
576 3353 629 3416 Ex
652 3353 794 3416 factione
817 3351 1075 3414 Protestantium
1099 3351 1210 3415 selecti
1235 3351 1368 3416 fuerant
1391 3371 1439 3413 eeu

324 3453 469 3537 theologi
484 3439 698 3517 collocutores
708 3447 1116 3533 PhilippusMelanchton,
1131 3450 1296 3514 Martinus
1304 3449 1439 3512 Bucerus

326 3562 357 3614 et
367 3553 388 3616 J
391 3573 514 3614 oannes
527 3550 697 3630 Pistoriae,
722 3550 779 3633 qui
803 3546 1040 3610 moderatiores
1056 3547 1276 3628 videbantur3
1302 3555 1438 3631 exparte

327 3649 489 3714 catholica
512 3650 660 3714 Joannes
685 3646 772 3726 Eck,
805 3643 915 3709 Julius
939 3643 1037 3727 Pflug
1061 3654 1093 3707 et
1116 3645 1264 3710 Jcannes
1289 3643 1437 3728 Gropper,
1499 3679 1500 3698 t

241 3824 242 3834 ,
327 3770 465 3832 quorum
502 3746 609 3810 ultimi
643 3745 708 3808 duo
745 3745 844 3806 etiam
877 3741 1139 3805 reconciliationi
1173 3764 1275 3827 quam
1305 3743 1438 3804 maxime

326 3844 515 3910 studebant.
575 3842 830 3921 Granvellanus,
867 3838 1020 3903 Caesaris
1060 3839 1288 3921 cancellarius,
1327 3841 1438 3925 pariter

327 3965 440 4008 omnes
465 3943 659 4007 intendebat
682 3962 812 4021 nervos,
845 3948 882 4001 ut
905 3937 947 4001 ad
973 3939 1185 4003 concordiam
1211 3940 1436 4022 perveniretur.
1499 3969 1500 4020 4

327 4043 482 4126 Eousque
506 4042 668 4126 progressi
694 4051 771 4102 sunt
795 4039 858 4100 viri
884 4035 1049 4118 catholici,
1083 4048 1120 4100 ut
1153 4037 1321 4101 doctrinas
1343 4035 1435 4098 forma

402 4256 422 4326 ¹)
442 4253 569 4308 Pallavic.
590 4254 632 4318 H„
653 4253 681 4307 C.
701 4251 731 4305 T.
750 4251 781 4303 L.
801 4249 848 4302 IV.
870 4248 898 4301 C.
919 4247 996 4301 XIII.
1016 4268 1043 4305 n.
1062 4251 1087 4304 6.
