3034 4894
315 473 349 524 56
442 471 584 529 XXXVII.
605 471 645 526 De
663 471 750 526 initiis
770 489 801 525 ac
819 472 852 526 de
871 489 982 541 propag.
1002 474 1315 541 pseudoreformationis.

145 617 348 678 nitrariae&
381 615 423 678 ab
448 615 581 679 honoris
612 615 750 680 humani
790 616 972 700 zelotypia,
1013 639 1079 680 non
1118 641 1138 682 a
1177 619 1293 682 divino
1330 620 1428 682 studio

186 684 265 720 rasta.
314 714 449 778 moveri.
496 713 578 776 Rem
611 713 826 777 christianam
859 716 1027 798 pervertit,
1067 715 1124 779 sed
1158 719 1263 800 magis
1299 717 1428 781 aliorum

307 812 448 896 jactura,
475 834 574 896 quam
600 833 657 874 suo
683 812 785 877 lucro.
834 812 920 875 Eum
946 814 1112 897 principes
1136 823 1212 876 sunt
1237 817 1355 897 secuti3
1379 816 1428 879 sed

312 919 349 971 ut
372 911 435 994 ipsi
460 908 667 990 ditescerent,
698 932 769 973 non
801 920 837 973 ut
860 910 954 974 illum
990 912 1147 975 ditarent:
1187 913 1277 976 unde
1310 935 1430 998 semper

311 1009 346 1070 in
371 1017 514 1090 egestate
533 1009 650 1092 jacuit,
676 1030 714 1071 eo
739 1010 919 1090 miseriore,
946 1031 1009 1093 quo
1026 1011 1130 1093 ipsius
1143 1010 1320 1094 superbiae
1333 1012 1429 1094 magis

311 1107 421 1168 invisa
468 1108 640 1191 magisque
686 1106 835 1191 ejusdem
887 1108 1164 1191 intemperantiae
1211 1107 1428 1172 intolerabilis.

311 1202 425 1267 Multis
449 1204 693 1289 principatibus
717 1205 866 1289 privavit
888 1204 1088 1268 Ecclesiam:
1114 1205 1170 1268 sed
1195 1207 1305 1268 visum
1331 1205 1427 1268 estid

310 1304 420 1386 ipsum
445 1325 487 1365 ex
504 1302 620 1366 divino
646 1301 783 1369 consilio
801 1301 945 1365 valuisse
970 1302 1012 1364 ad
1029 1302 1117 1366 hanc
1142 1305 1318 1386 mysticam
1335 1305 1427 1366 vitan

310 1402 419 1484 potius
451 1399 645 1485 putandam,
682 1422 783 1485 quam
819 1399 1105 1481 obtruncandam3
1146 1423 1222 1464 cum
1254 1400 1370 1464 eadem
1395 1423 1427 1464 ex

310 1520 409 1560 causa
442 1499 476 1561 in
509 1497 574 1561 fide
607 1497 771 1561 catholica
796 1499 989 1580 vegetiores,
1024 1507 1057 1560 et
1089 1499 1122 1561 in
1155 1500 1244 1560 omni
1276 1499 1426 1561 virtutum

308 1617 429 1678 genere
462 1594 691 1659 foecundiores
726 1596 893 1658 evaserint
923 1594 1075 1680 palmites
1107 1596 1165 1674 illi,
1195 1598 1252 1680 qui
1277 1599 1339 1659 viti
1364 1618 1426 1660 con·

304 1693 414 1776 juncti
443 1694 631 1776 perstitere:
665 1705 764 1778 atque
796 1716 838 1757 ex
862 1693 925 1755 hoc
949 1696 1020 1777 ipso
1046 1696 1156 1757 visum
1180 1704 1237 1774 est,
1271 1715 1338 1757 non
1369 1703 1425 1755 tan

221 1865 223 1869 .
310 1789 463 1870 diminui,
489 1812 589 1875 quam
613 1793 809 1876 perpurgari
834 1813 963 1868 aurum,
990 1802 1026 1854 ut
1050 1792 1121 1876 ejus
1146 1790 1295 1876 probitas
1320 1793 1424 1854 emica-

252 1955 254 1962 ,
308 1899 367 1968 ret,
393 1888 512 1952 collata
537 1912 612 1952 cum
638 1888 1001 1972 sordibussegregatis;
1028 1912 1103 1952 cum
1122 1891 1316 1973 patueritin
1333 1890 1424 1952 atroci

285 1985 365 2050 .illa
388 1985 561 2056 christiani
584 1989 714 2071 generis
739 1987 911 2067 seditione,
937 2009 1102 2072 quaenam
1120 1997 1205 2050 esset
1225 2009 1302 2071 pars
1318 1983 1424 2064 fidelis,

308 2105 393 2168 quae
424 2084 552 2147 sincera
584 2085 781 2170 respublica,
815 2095 846 2148 et
876 2108 943 2149 nou
968 2085 1199 2149 rebellantium
1224 2085 1341 2166 turba,
1373 2084 1424 2146 hoo

307 2191 357 2243 est
381 2203 456 2265 pars
480 2182 594 2266 major,
619 2183 770 2264 nobilior,
797 2183 933 2265 doctior,
966 2186 1131 2265 moratior,
1157 2185 1311 2249 sanctior.
1359 2183 1423 2244 Per·

307 2281 403 2342 cunis
427 2283 609 2364 permansit
633 2284 667 2344 in
692 2293 897 2366 posterorum
922 2283 1095 2362 memoria,
1135 2283 1193 2345 sed
1228 2282 1423 2366 perennitate

307 2378 466 2441 infamiae
490 2381 602 2442 verius
627 2402 726 2464 quam
750 2379 893 2462 gloriae:
918 2401 994 2442 cum
1018 2390 1051 2443 et
1075 2401 1212 2444 numero
1237 2379 1423 2465 frequentio-

307 2498 359 2538 res
384 2478 462 2558 sint,
496 2488 527 2540 et
550 2481 745 2541 auctoritate
775 2480 1029 2563 praestantiores
1062 2480 1084 2540 ii
1117 2480 1173 2563 qui
1205 2477 1373 2541 hominem
1393 2481 1423 2536 ut

307 2573 574 2638 haeresiarcham
600 2575 814 2655 detestantur,
849 2598 948 2660 quam
974 2577 1030 2661 qui
1055 2585 1091 2638 ut
1115 2576 1314 2660 prophetam
1339 2594 1423 2637 vene·

305 2676 452 2735 rantur.“
463 2671 486 2758 ¹)

383 2855 403 2928 ι)
423 2857 495 2912 Hist.
516 2857 595 2912 Cone.
615 2857 737 2914 Trident.
758 2858 788 2914 L.
812 2858 856 2910 VI.
877 2857 906 2911 O.
926 2858 959 2914 X.
980 2875 1006 2912 u.
1028 2860 1051 2913 1.
