3034 4894
411 483 451 536 De
469 482 558 536 initiis
577 482 885 550 pseudoreformationis.
1021 506 1025 516 ¹
1179 484 1212 537 21

91 625 226 690 homine
250 626 395 690 violento
420 637 453 690 et
475 627 684 711 passionibus
709 626 851 709 turbato,
883 649 950 692 non
980 637 1029 692 est
1057 650 1116 691 eur
1139 649 1213 691 con·

89 733 232 787 stantem
256 725 378 807 agendi
404 724 539 789 modum
563 747 770 809 quaeramus.

178 821 232 888 20.
258 821 381 886 Theses
397 821 536 886 Lutberi
559 820 755 886 brevissimo
770 833 920 907 tempore
936 810 1059 908 ubique
1073 822 1322 898 diffamasse
1337 822 1384 860 ‘¹¹⁰'

13 943 14 952 ¹
91 930 175 998 sunt,
210 944 230 984 a
258 920 410 1005 plurimis
440 919 505 983 illis
536 918 755 985 acclamatum
788 929 845 1002 est,
879 929 911 983 et
940 929 1008 985 tota
1032 919 1213 985 Germania
1270 897 1329 926 ”um

91 1017 206 1082 iisdem
219 1018 361 1082 turbata.
375 1057 418 1066 -
432 1017 647 1103 Principibus
671 1027 784 1103 gratae
797 1040 864 1082 non
877 1028 971 1082 erant
986 1017 1214 1102 indulgentiae

86 1114 130 1178 ob
154 1118 318 1200 pecunias
342 1126 549 1202 exportatas,
574 1115 740 1180 Lutberus
764 1119 799 1180 in
823 1118 891 1181 suis
914 1116 1064 1182 thesibus
1080 1118 1214 1182 Pontifi-

90 1234 158 1277 cem
186 1213 314 1279 Crassis
339 1215 492 1280 ditiorem
529 1213 672 1280 dicebat.
720 1214 874 1279 Pluribus
910 1237 952 1278 ex
986 1215 1148 1300 religiosis
1184 1225 1217 1279 et

87 1309 173 1374 olero
209 1312 420 1398 displicebat,
455 1312 545 1397 quod
575 1311 803 1397 indulgentiae
836 1311 1050 1378 ecclesiarum
1081 1336 1214 1378 suarum

85 1429 269 1494 suspensae
286 1419 412 1492 essent3
437 1410 643 1474 multitudini
661 1410 861 1474 adulabatur
873 1411 1041 1476 Lutberus
1058 1411 1215 1491 clamans

87 1527 184 1571 veros
210 1508 382 1573 thesauros
396 1508 566 1578 Ecclesiae
590 1530 661 1572 esse
678 1531 841 1594 pauperes
855 1507 941 1594 (59);
967 1518 999 1572 et
1014 1509 1216 1594 pauperibus

88 1606 269 1670 subvenire
301 1606 418 1671 melius
450 1629 537 1688 esse,
579 1629 679 1692 quam
710 1607 953 1691 indulgentiam
983 1607 1104 1672 lucrari
1136 1607 1213 1694 (46).

88 1702 311 1768 Humanistae
344 1726 423 1768 vero
460 1725 502 1767 ex
538 1703 648 1768 indole
682 1727 741 1768 sua
765 1704 903 1768 Lutberi
939 1705 1214 1770 declamationem

88 1823 211 1886 magna
250 1823 326 1866 cum
359 1803 530 1887 voluptate
560 1814 591 1866 et
619 1804 747 1887 ingenti
770 1802 889 1888 plausu
928 1804 1214 1890 approbaverunt,
1303 1845 1304 1852 κ

89 1921 148 1962 neo
174 1901 315 1964 deerant
338 1903 424 1964 inter
441 1903 622 1986 episcopos,
647 1901 811 1986 praelatos
836 1910 868 1964 et
891 1901 1069 1986 theologos,
1094 1901 1214 1986 plures,

87 1999 143 2080 qui
168 2009 203 2060 et
227 2000 290 2083 ipsi
316 1999 357 2062 de
381 1999 598 2082 indulgentiis
623 2001 795 2084 opiniones
815 1999 916 2063 falsas
932 1999 1102 2065 habebant
1116 2009 1215 2085 atque

86 2094 212 2160 abusus
236 2096 300 2162 bac
325 2101 359 2161 in
384 2119 418 2160 re
443 2098 512 2161 fieri
538 2096 812 2183 praetendebant.
860 2096 1023 2177 Quamvis
1055 2099 1215 2181 impetum

88 2190 227 2258 Lutberi
253 2205 290 2258 ut
313 2194 595 2260 vehementiorem
612 2194 901 2280 reprehenderent,
926 2204 1037 2260 tamen
1061 2204 1215 2280 exparte

87 2292 117 2352 ei
142 2293 406 2359 consentiebant.
454 2295 649 2357 Factionem
674 2292 763 2357 illam
789 2293 1043 2374 moderatorum,
1075 2314 1214 2379 quorum

90 2387 254 2475 theologia
279 2391 411 2476 placitis
436 2391 702 2456 humanistarum
726 2390 974 2456 rationalisticis
995 2392 1119 2455 infecta
1135 2400 1214 2471 erat,

90 2487 191 2553 veluti
223 2498 451 2574 repraesentat
473 2489 621 2554 Joannes
654 2492 829 2575 episcopus
854 2489 1061 2554 Chiemensis
1092 2490 1127 2552 in
1156 2512 1214 2554 suo

89 2605 185 2669 opere
220 2587 305 2651 1519
338 2587 425 2652 edito
461 2586 576 2670 „Onus
608 2587 811 2653 Ecclesiae“.
863 2588 1048 2653 Lutberum
1080 2586 1215 2673 quidem

90 2687 218 2766 asserit,
258 2685 325 2749 alia
364 2685 467 2750 multa
505 2688 680 2750 temerarie
719 2697 752 2750 et
791 2685 1026 2751 contumeliose
1059 2684 1214 2768 scribere,
1269 2768 1272 2778 .

93 2780 128 2843 de
157 2792 376 2868 peccatorum
405 2785 520 2870 poenis
549 2795 660 2848 tamen
699 2783 785 2848 bene
815 2793 973 2865 tractare,
1014 2783 1102 2869 quod
1138 2783 1214 2847 dein

95 2881 242 2945 evolvere
275 2893 422 2947 conatur.
471 2881 535 2946 Sed
570 2883 610 2946 de
643 2881 858 2967 indulgentiis
891 2905 930 2946 ac
955 2882 996 2946 de
1019 2883 1214 2946 auctoritate

96 2975 275 3060 Pontificis,
309 2981 379 3065 ipse
416 2980 469 3044 hio
506 2983 681 3066 episeopus
715 2981 809 3044 varia
843 2981 1011 3045 asserebat
1042 2981 1214 3044 temerarie

96 3074 221 3158 dicta.¹)
258 3116 293 3125 -
329 3079 525 3146 Generatim
550 3080 650 3142 etiarn
674 3079 815 3143 audacia
843 3078 909 3160 illa,
941 3101 1007 3164 qua
1031 3076 1213 3141 monachus

92 3195 172 3262 unus
190 3176 388 3241 Pontificem
413 3177 644 3262 redarguebat,
669 3177 758 3262 quod
782 3186 829 3240 tot
854 3178 928 3257 viri,
954 3178 1132 3261 principes,
1158 3196 1214 3239 no·

90 3271 180 3358 biles,
211 3274 350 3360 praelati
377 3298 443 3339 non
468 3275 648 3352 audebant,
679 3297 718 3338 ea
742 3284 850 3339 aetate
875 3297 940 3360 qua
964 3276 1214 3358 antagonismus

90 3375 225 3458 quidam
254 3384 368 3439 contra
401 3375 526 3459 Papam
558 3385 591 3438 et
624 3375 751 3437 curiam
782 3373 966 3436 Romanam
998 3371 1214 3457 plurimorum

92 3484 214 3538 mentes
238 3473 381 3553 tenebat,
407 3483 574 3557 stuporem
599 3482 631 3535 et
654 3471 909 3536 admirationem
934 3471 1105 3534 excitavit.
1133 3467 1213 3532 Gra·

91 3619 121 3626 ...-

163 3715 183 3782 “)
204 3714 303 3768 Scribit
322 3729 344 3766 e.
364 3729 408 3781 g.:
437 3712 547 3777 „Potior
565 3726 627 3778 pars
655 3710 807 3779 hujusmodi
833 3710 963 3777 pecuniae
982 3723 1015 3760 ex
1034 3701 1213 3774 indulgentiis

88 3805 116 3848 et
131 3795 261 3864 jrrbilaeis
278 3795 408 3848 hactenus
427 3793 555 3846 collectae
575 3807 694 3858 appensa
712 3797 755 3845 est
773 3790 836 3844 fisco
856 3805 936 3856 quam
955 3788 1070 3851 Christo,
1095 3787 1155 3854 plus
1173 3801 1214 3839 re·
1323 3845 1325 3852 ,

88 3875 168 3930 decta
186 3876 216 3929 in
234 3874 395 3937 vanitatem,
414 3888 495 3939 quam
513 3872 653 3939 pietatem.
673 3912 680 3928 .
702 3915 707 3928 .
729 3913 734 3926 .
755 3870 945 3925 Advertendus
965 3877 1007 3922 est
1025 3868 1119 3935 itaque
1129 3868 1212 3934 Papa,

88 3957 194 4022 quaudo
222 3961 254 4008 ut
282 3956 357 4022 Papa
375 3952 393 4010 i.
414 3969 436 4009 e.
455 3953 600 4006 secundum
629 3950 784 4005 canonicam
803 3950 972 4018 Scripturam
1001 3948 1128 4014 loquitur,
1160 3962 1213 4000 non

89 4036 195 4100 quando
214 4050 262 4101 pro
281 4034 396 4088 arbitrio
414 4032 456 4088 sui
475 4032 572 4100 capitis
585 4031 735 4098 praefatur.
761 4030 883 4084 Aliorum
902 4029 1048 4082 multorum
1067 4027 1213 4081 crudelium

90 4114 245 4180 pontificum
270 4115 372 4178 caedes,
396 4113 528 4173 haereses,
553 4111 693 4171 factiones,
719 4110 847 4174 facinora,
875 4115 1111 4177 praesumerentur
1130 4106 1213 4160 hrisse

91 4192 218 4248 beneficia
237 4193 341 4260 piorum
359 4198 523 4262 pastorum.“
549 4193 582 4249 V.
602 4193 662 4246 Von
682 4192 729 4245 der
741 4191 837 4255 Hardt,
857 4192 928 4243 Acta
941 4190 1028 4246 litter.
1042 4189 1149 4244 reform.
1164 4187 1212 4244 IV.

96 4273 125 4327 18
143 4291 199 4342 sqq.
