3034 4894
340 477 381 531 De
399 476 608 544 praeparatione
628 475 739 530 Concilii
760 475 922 529 Tridentini.
1156 475 1191 529 63

71 620 216 684 siarchae
235 621 308 706 jam
333 631 446 705 aperte
463 619 725 700 declaraverant,
750 641 783 682 se
799 620 1030 682 auctoritatem
1048 618 1190 683 Concilii

70 721 245 803 aspernari,
271 728 303 783 et
327 718 460 804 quando
486 719 569 782 serio
595 717 636 782 de
654 717 887 801 congregando
906 715 1054 781 Concilio
1079 730 1190 781 actum

69 828 124 897 est,
149 838 226 879 mox
241 816 463 880 Protestantes
480 815 561 878 tales
578 824 821 900 proposuerunt
837 813 1053 893 conditiones,
1070 816 1191 900 quibus

69 915 192 979 indoles
217 917 451 992 oecumenicae
476 914 604 997 Synodi
628 913 726 998 plane
750 912 1011 999 pervertebatur.

153 1013 184 1076 6.
209 1013 403 1077 Universim
419 1012 584 1092 dicebant,
603 1034 637 1076 se
653 1011 819 1096 postulare
835 1009 1021 1074 Concilium
1036 1010 1189 1095 liberum,
1200 1011 1358 1112 ssfflifflfflp

66 1112 154 1194 pium
189 1121 221 1174 et
253 1109 407 1194 generale
445 1132 503 1173 seu
543 1109 775 1193 christianum,
815 1108 875 1172 has
900 1129 978 1188 vero
1015 1109 1191 1193 qualitates
1250 1085 1303 1175 nri.

66 1207 231 1272 haeretica
255 1209 464 1293 impudentia
497 1207 723 1292 explicabant.
771 1207 826 1272 Sic
851 1207 1017 1270 Henricus
1041 1206 1125 1271 VIII
1155 1211 1189 1272 in

67 1308 99 1368 1³
126 1307 288 1392 epistola:
325 1306 530 1388 „Concilium
558 1305 721 1386 volumus,
746 1307 943 1390 expetimus,
976 1314 1075 1390 atque
1106 1305 1189 1370 adeo

65 1403 297 1489 efflagitamus,
323 1404 380 1468 sed
404 1401 501 1489 quale
526 1405 612 1468 inter
629 1403 837 1467 Christianos
861 1401 1022 1468 celebrari
1045 1426 1107 1488 par
1130 1415 1188 1484 est,

64 1501 126 1564 hoc
150 1512 200 1565 est
215 1501 359 1584 liberum,
383 1521 446 1586 quo
464 1503 604 1586 quisque
621 1500 786 1585 intrepide
803 1522 888 1585 quae
904 1521 984 1564 vera
997 1510 1074 1564 sunt
1090 1501 1189 1566 dicet.

65 1600 154 1664 llum
178 1599 344 1681 volumus,
369 1598 427 1662 ubi
449 1621 563 1663 omnes
581 1620 712 1663 omnem
728 1620 862 1684 operam
880 1620 972 1662 suam
991 1597 1189 1662 christianae
1250 1609 1253 1619 ¹

64 1699 178 1781 pietati
218 1697 453 1778 restituendae,
492 1719 559 1761 non
597 1697 835 1782 opprimendae
871 1697 1014 1780 veritati,
1054 1707 1188 1762 navent.

67 1793 222 1858 Generole
247 1795 410 1876 volumus,
436 1795 499 1860 hoc
524 1805 573 1858 est
596 1817 633 1858 eo
651 1807 797 1879 tempore
811 1795 926 1859 etloco
941 1793 1187 1873 celebrandum,

64 1914 125 1977 quo
149 1894 222 1956 sine
247 1915 306 1956 suo
331 1893 477 1977 periculo
511 1895 650 1979 quisque
675 1893 718 1957 ad
741 1893 880 1976 gloriam
905 1891 1030 1955 Christi
1061 1895 1191 1977 quaerit

63 1992 189 2072 adesse,
228 1990 398 2076 libereque
437 1993 636 2055 sententiam
675 2013 769 2055 suam
804 1991 913 2054 dicere
938 1999 1054 2075 potest.
1102 1991 1188 2055 Turn

64 2091 149 2152 enim
183 2089 369 2152 Concilium
408 2089 561 2174 generale
595 2089 702 2154 videri
737 2099 855 2175 potest,
894 2087 947 2151 vel
983 2110 1058 2151 cum
1093 2110 1188 2152 nemo

65 2186 330 2250 Christianorum
353 2189 411 2272 qui
435 2186 609 2250 dissentiat
640 2187 682 2251 ab
708 2188 874 2272 Episcopo
899 2187 1048 2250 Romano
1073 2186 1189 2250 abesse

64 2288 201 2369 cogitur,
227 2285 282 2348 vel
307 2309 382 2349 curn
408 2287 464 2371 qui
489 2286 611 2350 adsunt
634 2286 724 2350 nullo
749 2287 916 2370 proposito
940 2294 1063 2348 terrore
1088 2286 1188 2370 impe·

64 2384 209 2466 diuntur,
234 2387 412 2469 quominus
428 2406 512 2469 quae
530 2407 610 2447 vero
625 2387 772 2448 sentiunt
787 2384 946 2448 audacter
963 2384 1187 2467 pronuntient.

63 2481 145 2545 Nam
172 2483 246 2567 quis
270 2491 320 2544 est
343 2492 474 2566 praeter
489 2483 686 2546 Pontificem
703 2482 901 2562 Romanum,
928 2480 1131 2560 CardinalcS,
1157 2493 1188 2544 et

64 2582 243 2665 episcopos,
284 2581 340 2664 qui
376 2602 441 2644 non
476 2580 519 2644 ad
552 2581 716 2665 ejusmodi
750 2579 928 2644 concilium
955 2577 1187 2642 lubentissime

64 2680 172 2740 animo
205 2678 362 2742 veniret?
409 2677 533 2741 Rursus
562 2679 636 2762 quis
660 2688 728 2742 tarn
753 2677 871 2740 stultus
896 2698 966 2740 esse
991 2686 1106 2760 potest,
1140 2687 1186 2757 ut,

66 2798 134 2838 cum
160 2776 287 2856 videat,
319 2775 491 2839 Pontificis
515 2776 656 2839 Romani
691 2798 826 2839 causam
858 2797 963 2860 paene
994 2773 1097 2838 solam
1121 2777 1186 2858 agi,

67 2871 258 2936 Pontificem
282 2873 468 2937 Romanum
505 2875 539 2937 in
570 2874 634 2938 hoc
664 2874 804 2938 concilio
829 2894 977 2956 regnare,
1012 2873 1186 2952 dominari,

70 2971 259 3052 praesidere,
283 2970 440 3052 velit‘?“1)
476 2971 605 3035 Eadem
629 2971 888 3036 Protestantium
912 2970 1076 3055 postulata
1100 2970 1186 3034 clare

68 3070 158 3133 etiam
189 3082 404 3153 exponuntur
435 3071 469 3133 in
506 3071 664 3155 opusculo
690 3073 743 3134 cui
768 3069 900 3133 titulus:
932 3069 1081 3132 Actiones
1105 3068 1187 3132 doce

64 3169 224 3230 secretarii
247 3167 345 3230 Pauli
368 3169 477 3253 Papae
501 3170 592 3255 bajus
616 3170 752 3232 nominis
776 3169 891 3253 quarti,
924 3176 956 3230 et
987 3166 1188 3230 evolvuntur

62 3285 79 3324 a
102 3263 362 3349 protestantibus
388 3265 561 3330 ordinibus
585 3269 620 3331 in
645 3266 871 3330 Declarote'oae
903 3287 962 3328 sua
985 3287 1014 3330 a.
1043 3263 1127 3328 1562
1151 3265 1186 3327 in

63 3364 203 3425 comitiis
215 3363 574 3428 Francofurdiensibus
587 3365 683 3429 facta.
721 3365 761 3427 In
779 3364 894 3427 eadem
913 3363 1185 3426 convocationem

62 3459 203 3524 Concilii
227 3461 403 3524 vindicant
426 3461 633 3547 Imperatori,
660 3461 920 3546 praesidentiam
944 3460 1115 3524 Pontificis
1139 3483 1185 3524 re-

57 3557 178 3640 jiciunt
213 3580 355 3643 eamque
389 3560 576 3624 attribuunt
606 3559 736 3624 Christo
777 3570 809 3623 et
848 3581 960 3622 sacrae
984 3556 1184 3642 Scripturas,

61 3657 218 3739 suffragia
242 3656 416 3721 definitiva
440 3681 506 3722 non
530 3667 660 3721 tanturn
694 3658 859 3742 episcopis
890 3657 1006 3721 volunt
1036 3656 1184 3736 concedi,

60 3754 114 3816 sed
139 3756 240 3817 etiam
265 3754 339 3818 aliis
363 3757 443 3819 viris
468 3756 573 3819 doctis
597 3757 750 3841 quamvis
784 3757 850 3818 sint
882 3755 976 3835 laici,
1017 3753 1185 3837 postulant

61 3870 207 3936 quoque,
247 3861 284 3915 ut
321 3854 469 3938 episcopi
503 3853 673 3917 solvantur
705 3855 740 3917 in
766 3851 915 3916 Concilio
948 3874 967 3914 a
994 3851 1183 3935 juramento

61 3947 213 4012 Pontifici
238 3952 405 4034 praestito,
446 3960 547 4036 utque
578 3974 751 4036 processus
775 3973 889 4014 ornnes
913 3951 1006 4013 inre
1031 3948 1184 4032 religiosa

62 4066 203 4131 eousque
227 4047 317 4129 facti,
351 4070 510 4111 censurae
535 4058 567 4112 et
590 4051 961 4127 excommunicationes,
996 4068 1054 4130 pro
1083 4046 1184 4108 irritis

134 4261 154 4328 ¹)
174 4259 256 4327 Apud
275 4260 453 4328 Prompsault,
473 4259 491 4317 l.
511 4276 532 4314 c.
550 4267 615 4317 sect.
635 4262 685 4314 111.
