3336 4908
262 454 302 507 De
321 451 544 506 condemnatione
562 451 679 517 quinque
698 451 918 519 propositionum.
1099 457 1152 512 253

52 621 124 661 orror
151 609 203 676 cat,
242 597 345 660 dicere
379 594 534 660 Christum
557 617 620 679 pro
652 595 793 658 omnibns
824 597 949 660 omniuo
977 598 1152 663 bominibus

51 705 183 757 mortuam
206 715 280 771 cccc,
305 704 361 757 cat
383 695 567 778 scopulosam
588 691 722 775 fudisse.
731 692 755 777 ¹)

123 793 173 857 41.
220 793 434 856 innocentius
457 791 500 869 X,
526 792 671 874 acceptis
694 789 811 854 litteris
834 794 1151 879 octogintaquinque
1163 800 1266 838 E¹²¹²¹0¹1
1276 800 1321 838 ¹³⁰·

50 892 269 974 episcoporum,
318 889 618 972 Congregationem
656 890 799 952 instituit
838 889 891 952 die
933 891 991 954 12⁰
1027 862 1329 975 Aprilismaetffluus

49 988 158 1052 01651
187 988 229 1052 ad
246 1008 387 1050 examen
413 985 595 1049 delatarum
614 987 886 1070 propositionum,
912 986 1152 1074 deputavitque

49 1084 112 1147 huic
133 1087 263 1168 negotio
289 1095 430 1169 quatuor
453 1083 658 1162 Cardinales,
683 1083 811 1148 Julium
836 1084 940 1148 Roma
964 1107 988 1150 s.
1014 1082 1152 1169 Collegii

48 1182 204 1262 decanum,
229 1181 474 1246 Bernardinum
492 1180 613 1265 Spada,
641 1181 819 1245 Martinam
832 1179 959 1245 Ginetti
975 1191 1007 1245 et
1017 1183 1152 1249 Domiu.

46 1278 200 1360 Seccbini3
226 1279 394 1343 inlocum
420 1277 607 1342 Cardinalis
633 1279 736 1342 Roma
760 1300 838 1343 mox
863 1279 1010 1342 defuncti
1035 1282 1152 1345 substi-

46 1380 95 1440 tuit
117 1376 329 1442 Cardinalem
354 1377 507 1440 Fabium¹
523 1374 631 1459 Ohigi,
657 1387 756 1461 atque
781 1376 912 1440 addidit
935 1377 1013 1441 dein
1039 1377 1152 1443 Cardi-

46 1475 137 1538 nalem
161 1475 399 1560 Pamphilium.
440 1474 713 1559 Congregationis
737 1477 932 1538 secretarius
957 1478 1152 1541 constitutus

45 1587 83 1634 ost
96 1573 250 1653 Albitius,
275 1572 434 1636 Assessor
457 1595 481 1636 s.
500 1572 623 1650 Officii,
649 1582 681 1635 01
705 1573 865 1636 tredecim
889 1573 1051 1656 designati
1076 1584 1153 1638 sunt

44 1672 231 1735 consultores
255 1671 399 1753 theologi
424 1693 465 1734 ex
490 1670 651 1753 religiosis
674 1669 809 1734 familiis
833 1671 1006 1752 doctiores,
1031 1694 1151 1737 novem

44 1769 269 1849 llendicantes,
303 1778 445 1853 quatuor
476 1790 518 1830 ex
542 1789 607 1831 non
632 1766 912 1834 Mendicantibus.
960 1770 1013 1832 Ex
1038 1770 1152 1854 primis

44 1866 95 1929 dno
119 1878 212 1931 erant
237 1867 461 1943 Dominicani,
497 1866 562 1929 duo
587 1867 874 1950 Augustinienses,
906 1868 971 1931 duo
996 1868 1151 1953 Minores,

43 1964 95 2028 duo
119 1964 329 2044 Carmelitae,
365 1986 450 2026 unus
475 1962 683 2050 Capucinns3
717 1986 758 2027 ex
789 1964 863 2029 aliis
894 1964 959 2028 duo
984 1965 1150 2048 Theatini,

43 2085 114 2126 unus
126 2063 269 2143 Servita,
295 2085 380 2126 unus
390 2062 412 2126 J
415 2063 521 2125 esuita
537 2061 803 2148 (pallavicinus).
846 2063 938 2125 Inter
954 2062 1025 2127 illos
1049 2064 1152 2148 aliqui

40 2159 111 2225 libro
134 2162 288 2226 ‚lanscnii
313 2160 482 2239 favebant,
515 2159 580 2223 duo
605 2160 731 2223 scilicet
755 2160 980 2242 Dominicani,
1011 2160 1152 2225 Vincen-

40 2260 94 2321 tius
122 2258 296 2323 Oandidus
328 2257 416 2340 Mag.
456 2257 487 2323 S.
519 2257 638 2321 Palatii
672 2267 704 2321 01
735 2258 935 2321 Vincentius
974 2257 1015 2321 de
1045 2258 1152 2322 Pretis

41 2357 286 2420 Commissarius
299 2379 323 2420 s.
338 2353 467 2435 Officii,
493 2355 874 2438 unusAugustiniensis,
890 2355 1039 2420 Visconti
1054 2357 1152 2419 Prac-

39 2458 151 2537 positus
168 2454 359 2533 Generalis,
385 2477 470 2517 unus
492 2476 534 2516 ex
551 2454 736 2518 Minoribus
754 2453 863 2518 Lucas
880 2453 1093 2537 Waddingfl)
1111 2491 1149 2502 -

39 2552 203 2618 Venerunt
234 2562 346 2616 autem
379 2574 420 2614 ex
445 2551 556 2615 Gallia
587 2573 699 2615 manse
726 2553 903 2616 Decembri
936 2552 1084 2637 deputati
1108 2553 1150 2616 ab

38 2649 151 2738 aliquot
176 2651 341 2737 episcopis
367 2650 476 2734 plures
500 2649 655 2733 theologi,
681 2661 717 2713 ut
730 2661 902 2714 tuerentur
918 2651 1065 2735 quinque
1081 2672 1151 2734 pro·

37 2752 217 2831 positiones,
260 2748 386 2811 scilicet
417 2747 494 2810 DD.
518 2747 660 2810 Brousse
696 2758 727 2810 01
750 2748 885 2812 ,101010
921 2747 1080 2827 doctores,
1120 2760 1152 2811 01

39 2848 166 2932 Angran
192 2847 382 2911 licentiatus
400 2845 634 2910 Universitatis
659 2847 864 2927 Parisiensis,
890 2869 929 2908 ac
945 2844 1043 2930 paulo
1067 2855 1150 2930 post,

36 2965 140 3009 mense
165 2944 257 3008 Maio
282 2967 311 3008 0.
338 2944 435 3022 1652,
461 2965 562 3027 quum
587 2943 729 3006 Brousse
754 2953 928 3027 aegrotans
952 2945 986 3006 in
1010 2944 1151 3027 patriam

35 3043 133 3106 redire
150 3051 335 3125 cogeretur,
348 3040 385 3106 P.
399 3041 576 3104 Desmares
585 3039 801 3105 Oratorianus
816 3050 849 3104 et
862 3042 905 3104 D.
918 3041 1101 3104 Manassier
1116 3041 1150 3103 in

34 3140 214 3204 subsidium
248 3138 447 3224 reliquorum
479 3151 698 3202 accesserunt.
747 3139 799 3202 Ex
827 3138 930 3202 altera
955 3159 1032 3201 vero
1057 3148 1150 3222 parte

35 3247 193 3302 venerunt
218 3236 293 3301 DD.
322 3235 456 3317 Hallier,
488 3236 620 3320 Lagaut
644 3245 676 3298 et
698 3236 813 3320 loysel
843 3236 886 3300 ad
910 3234 1094 3318 ungendam
1119 3245 1151 3297 01

33 3333 290 3416 promovendam
315 3334 575 3418 propositionum
600 3356 784 3398 censuram.

113 3452 168 3514 42.
210 3448 330 3512 Selecti
356 3446 551 3512 Cardinales
575 3458 607 3511 01
630 3447 834 3513 consultores
858 3470 916 3533 per
940 3447 1022 3511 duos
1046 3469 1150 3511 annos

31 3548 171 3632 integros
202 3547 338 3630 triginta
372 3558 404 3609 01
435 3569 493 3609 sex
525 3547 797 3630 congregationes
821 3546 874 3609 vel
904 3547 1065 3609 sessiones
1095 3544 1150 3608 ha·

31 3638 180 3724 buerunt,
213 3653 246 3706 et
277 3655 444 3707 maturum
477 3643 518 3706 de
541 3643 824 3729 propositionibus
848 3643 913 3708 illis
937 3665 1078 3707 examen
1103 3647 1149 3707 in·

100 3843 118 3898 ¹l
139 3837 635 3908 1111110101Ν10.0011011110111100
654 3839 722 3892 alias
741 3838 938 3906 propositiones
957 3838 1149 3892 examinandas

31 3925 56 3971 01
72 3920 291 3987 proscribendus:
312 3949 343 3958 —
364 3920 388 3976 6.
410 3917 516 3986 ,Sensit
535 3917 598 3971 olim
616 3918 744 3980 Ecclesia
767 3919 904 3985 privatam
928 3918 1150 3972 sacramentalem

31 3999 226 4062 poenitentiam
253 4014 301 4066 pro
329 3999 447 4067 peccatis
475 3997 586 4051 occultis
617 4013 670 4051 non
693 3997 842 4054 sufficere.“
875 4029 908 4036 -
941 3999 965 4055 7.
993 3997 1149 4065 „Naturalis

31 4079 135 4132 attritio
155 4077 258 4132 sufficit
277 4079 312 4132 ad
323 4078 526 4133 Sacramentum
545 4071 755 4145 poenitentiae.'“
777 4107 808 4118 -
828 4077 904 4131 Duae
923 4076 985 4131 illae
998 4085 1150 4145 postremae

30 4158 224 4224 propositiones
243 4162 334 4212 tamen
353 4158 494 4226 neglectae
513 4162 578 4210 sunt
596 4162 625 4211 et
642 4157 780 4213 rescissae.

99 4237 122 4308 ²)
142 4239 189 4291 Ita
207 4237 342 4307 Tonrnely
361 4238 379 4297 1.
398 4253 421 4295 c.
439 4236 549 4305 Epocha
567 4237 604 4294 ΙΙ.
