3336 4908
517 501 557 553 De
577 493 648 553 Pace
671 499 854 552 Clementiae.
1197 499 1248 552 271

136 669 190 730 que
219 667 277 710 nos
303 647 383 730 ipsis
407 655 443 707 ut
467 643 595 728 pridem
621 643 782 720 doctrina,
815 644 861 705 ita
886 664 975 705 nunc
999 643 1034 705 in
1057 641 1121 705 hac
1154 641 1249 704 disci·

135 743 233 828 plinae
257 743 363 807 forma
388 743 655 829 ηοηῇηηηίιηηε.α
701 741 803 804 Hisce
822 741 921 826 juxta
955 763 1087 804 sensum
1111 738 1247 802 obvium

134 841 385 924 significabatur,
410 840 585 906 formulam
604 840 676 924 jam
701 841 771 902 sine
796 839 1002 903 restrictione
1027 838 1248 922 subscriptam

133 961 202 1002 esse.
246 939 404 1004 Addunt:
440 938 615 1020 „Arduum
651 937 686 1000 id
715 936 811 1000 nobis
840 959 879 1000 ac
914 936 1112 1022 perdifficile
1147 936 1248 998 fuisse

133 1059 189 1099 non
205 1036 397 1119 diffitemur,
428 1060 493 1100 non
519 1037 643 1119 ignaris
668 1046 748 1120 quot
772 1034 1009 1098 malevolorum
1036 1033 1171 1098 voculas
1195 1056 1249 1096 ex·

133 1136 223 1197 citare
254 1146 367 1219 posset
397 1136 480 1200 haec
511 1133 707 1218 disciplinae
733 1143 839 1196 muta
841 1155 880 1196 10
885 1132 935 1217 “¹)
983 1132 1089 1196 Simul
1113 1132 1173 1196 Es
1160 1143 1249 1196 reus
1278 1133 1405 1236 suffia

132 1231 259 1314 epistole
296 1235 397 1296 missa
429 1233 471 1296 ad
505 1231 701 1296 Pontificem
732 1229 915 1294 testabatur
945 1231 985 1294 de
1016 1232 1144 1293 sincera
1175 1231 1248 1294 sub·
1268 1261 1411 1300 annuntiata

131 1332 279 1393 missione
305 1341 446 1415 quatuor
470 1329 676 1415 praesulum:
702 1329 789 1409 „Les
802 1340 918 1414 quatre
931 1331 1075 1412 eveques
1089 1330 1250 1393 viennent

131 1427 165 1490 de
188 1451 221 1490 se
246 1429 444 1510 conformer,
472 1451 539 1512 per
561 1449 622 1490 uae
645 1424 787 1490 concello
818 1438 847 1489 et
877 1429 996 1490 sincere
1029 1428 1248 1512 conscriptioe,

131 1549 167 1587 au
188 1537 268 1589 reste
293 1527 348 1589 des
373 1528 510 1610 coequos,
536 1525 576 1588 de
601 1527 658 1610 qui
683 1525 723 1588 ils
737 1526 890 1589 s'etaient
905 1524 1088 1606 distingues
1105 1546 1145 1587 en
1164 1524 1250 1609 quel-

132 1645 185 1706 que
218 1623 318 1687 chose
350 1647 411 1709 par
433 1624 505 1687 leur
529 1625 676 1686 manidre
701 1623 741 1685 de
768 1623 848 1686 faire
874 1624 984 1706 signer
1007 1621 1037 1684 le
1061 1621 1250 1686 formulaire

132 1720 165 1783 de
187 1721 218 1784 la
242 1722 299 1785 foi.
335 1722 378 1785 Ile
394 1721 609 1785 en-donnent
632 1720 679 1783 les
703 1742 897 1784 assur-ances
922 1742 963 1783 en
987 1729 1108 1783 termes
1133 1723 1250 1805 expres

131 1840 188 1881 non
212 1819 398 1883 seulement
422 1819 505 1881 dans
521 1818 593 1881 leur
608 1817 702 1881 lettre
719 1839 895 1880 commune
912 1816 1009 1902 qu'ils
1026 1826 1083 1880 ont
1101 1821 1249 1902 envoyee

132 1916 197 1980 tv.
215 1916 376 1995 Saintete,
403 1917 486 1978 mais
511 1915 594 1978 dans
619 1913 717 1977 celles
742 1937 805 2000 que
831 1915 961 1978 chacun
979 1915 1079 1978 d'eux
1103 1938 1122 1978 a
1147 1918 1249 1980 ecrite

133 2012 211 2078 cM.
237 2013 392 2098 l'eveque
428 2013 470 2075 de
496 2011 649 2076 Chalons.
699 2012 743 2075 Ils
776 2021 975 2097 promettent
1008 2035 1089 2077 avec
1114 2014 1184 2078 cela
1208 2015 1249 2078 de

130 2108 326 2196 s'appliquer
358 2113 378 2174 ὲ
409 2111 527 2174 rendre
562 2122 593 2174 et
617 2111 637 2172 a
662 2111 744 2173 faire
776 2111 894 2174 rendre
918 2133 984 2174 aux
1011 2109 1250 2176 Constitutione

129 2209 347 2294 apostoliques
379 2208 581 2272 l'obdisrance
605 2210 659 2292 qui
682 2207 751 2272 leur
775 2220 821 2271 eet
845 2210 914 2287 dae,
945 2220 976 2272 et
1006 2208 1113 2272 d’user
1137 2220 1249 2274 contre

128 2303 169 2368 les
185 2307 456 2392 ecclesiastiques
472 2309 528 2391 qui
545 2306 616 2369 leur
633 2315 707 2369 sont
723 2308 856 2387 soumis,
882 2306 923 2369 de
939 2317 1045 2369 toutcs
1064 2306 1111 2370 les
1135 2310 1249 2392 peines

131 2407 339 2490 canoniques,
371 2404 421 2467 s'il
447 2406 515 2466 s'en
539 2413 657 2467 trouve
681 2427 791 2467 aucun
815 2406 882 2490 qui,
917 2427 992 2467 sous
1016 2405 1156 2490 quelque
1180 2409 1250 2490 pre-

130 2510 209 2565 texte
235 2525 302 2588 que
325 2524 361 2565 ee
379 2504 449 2579 soit,
476 2501 688 2564 al'oecesion
713 2502 757 2564 du
780 2501 864 2565 livre
889 2502 929 2565 de
946 2502 1124 2567 Jansenius
1149 2524 1190 2565 ou
1209 2504 1249 2566 de

133 2621 162 2661 sa
184 2601 346 2679 doctrine,
380 2601 501 2664 vienne
527 2599 567 2661 de
592 2599 715 2662 blesser
737 2600 768 2663 le
793 2598 899 2663 moins
923 2600 968 2663 du
993 2600 1113 2663 monde
1135 2601 1248 2664 l'auto-

131 2698 184 2760 rite
208 2699 250 2762 de
277 2719 332 2760 ces
350 2696 652 2776 Constitutions.²)“

212 2823 265 2886 61.
313 2820 493 2899 Bargellini
519 2819 689 2883 Pontificis
713 2820 858 2883 Nuntius
882 2821 936 2884 die
963 2821 1020 2885 17⁰
1044 2821 1247 2906 Septembris

129 2915 261 2982 Romam
290 2919 380 2981 misit
403 2919 527 2980 litteras
552 2917 634 2995 illac,
659 2941 698 2982 ac
723 2917 856 2981 videtur
879 2921 978 2982 etiain
996 2919 1136 3003 Lyonne
1161 2923 1247 3003 regis

195 3141 215 3211 ¹)
235 3142 289 3206 Ap.
308 3139 431 3207 Belgeni,
451 3140 528 3192 Fatti
548 3139 712 3204 dommatici,
732 3139 791 3192 Vol.
811 3140 827 3196 l.
848 3156 869 3193 c.
891 3141 932 3196 16.

194 3239 215 3306 2)
236 3237 337 3304 Dupin,
357 3238 429 3290 Hist,
443 3237 505 3292 ecel.
525 3243 546 3292 t.
560 3237 608 3293 ΙΙΙ.
628 3254 653 3304 p.
669 3238 806 3304 159.160;
826 3254 867 3304 ap.
881 3238 970 3305 Rapin
988 3238 1006 3292 l.
1022 3253 1042 3292 e.
1062 3256 1087 3306 p.
1100 3241 1154 3293 460
1172 3246 1246 3294 note.

126 3315 239 3371 Difficile
259 3323 303 3370 est
321 3315 476 3382 dijudicare,
496 3324 588 3370 utrum
604 3317 718 3371 Estreus
737 3317 820 3370 etiam
839 3324 898 3372 arte
917 3317 1090 3385 diplomatica
1107 3336 1179 3385 usus,
1199 3329 1247 3375 aut

126 3396 224 3450 sincero
243 3397 322 3450 modo
333 3398 367 3450 ad
375 3397 541 3450 Clementem
551 3397 591 3449 IX
609 3396 676 3450 haec
693 3396 840 3463 scripserit,
860 3414 895 3450 en
905 3413 969 3452 vero
979 3398 1036 3466 ipse
1049 3400 1176 3467 deceptus
1195 3401 1247 3454 sibi

125 3477 295 3540 persuaserit,
331 3492 426 3543 puram
451 3482 480 3530 et
502 3477 650 3542 simplicem
680 3491 738 3530 esse
767 3477 992 3545 subscriptionem
1016 3481 1177 3546 praesulum.
1215 3483 1247 3535 Id

126 3553 220 3610 dixeris
240 3556 265 3609 si
284 3569 317 3608 ea
336 3571 487 3623 comparas,
517 3571 586 3621 quae
611 3572 634 3609 a.
655 3557 725 3610 1693
750 3555 808 3624 ipse
827 3557 904 3611 Cani.
924 3559 1037 3612 Estreus
1056 3560 1200 3626 perorabat
1218 3561 1246 3614 in

126 3633 344 3704 Congregatione
362 3637 406 3689 die
425 3636 542 3690 3⁰Junii
560 3636 655 3689 habita
674 3652 762 3690 coram
780 3638 938 3692 Innocentio
951 3638 1005 3691 XII
1033 3640 1087 3704 „Ils
1099 3639 1137 3707 s’y
1149 3641 1246 3694 soumi-

126 3722 185 3769 rent
204 3722 234 3769 et
256 3715 449 3770 l'executerent
462 3732 496 3769 en
509 3722 681 3782 convoquant
699 3733 737 3770 un
750 3718 857 3784 synode,
871 3719 938 3771 dans
950 3718 1039 3785 lequel
1052 3735 1085 3772 on
1101 3721 1246 3774 reneuvela

124 3793 160 3847 les
178 3795 383 3863 conscriptione,
404 3801 433 3850 et
451 3797 484 3850 ils
504 3811 538 3849 eu
557 3799 721 3863 envoyerent
740 3800 756 3850 a
775 3797 858 3851 Rome
877 3798 923 3851 des
942 3800 1119 3853 attestations
1138 3801 1247 3868 signees

126 3873 155 3927 de
173 3877 246 3930 leurs
265 3876 366 3940 mains,
390 3877 457 3929 dans
475 3876 617 3943 lesquelles
636 3877 670 3930 ils
689 3882 815 3931 assurent
832 3877 857 3932 le
878 3879 952 3946 Pape
970 3879 1091 3933 clement
1108 3879 1150 3932 IX
1168 3880 1247 3946 qu’ils

125 3956 234 4009 avaient
252 3956 331 4024 signe
350 3957 532 4010 sterneremeat
551 3961 577 4009 et
596 3974 664 4010 sans
677 3959 822 4025 exception·
834 3960 866 4011 at
877 3961 1038 4012 restrictione
1056 3960 1081 4014 le
1091 3959 1247 4014 formuleire

125 4033 154 4087 de
171 4034 210 4089 foi
229 4037 411 4090 d'Alexandre
424 4035 487 4090 VII.
520 4036 570 4090 Oes
588 4037 767 4091 attestatione
785 4043 849 4090 sont
868 4053 964 4092 encore
982 4040 1048 4092 dens
1062 4040 1101 4093 les
1115 4035 1246 4107 registres

125 4112 158 4165 du
175 4113 377 4172 Saint·Olfiee.“
413 4116 446 4172 V.
461 4117 551 4184 Rapin
570 4118 586 4170 l.
607 4134 629 4172 c.
648 4133 673 4185 p.
692 4118 744 4171 461
764 4124 838 4172 nota.
860 4151 887 4158 „
910 4119 962 4172 Ille
983 4127 1072 4173 tamen
1091 4120 1175 4174 verba
1193 4137 1246 4175 non

124 4189 255 4247 habentur
273 4194 302 4248 in
321 4195 437 4263 epistole
456 4197 588 4250 communi
603 4197 800 4264 episcoporum
820 4198 916 4264 synodi
928 4198 1011 4252 etiam
1029 4198 1116 4266 prima
1131 4199 1247 4267 epistola

124 4271 201 4326 missa
219 4274 338 4328 noudum
357 4276 468 4330 habitae
488 4281 579 4334 erant.
