3034 4894
130 1040 224 1080 Luther.
240 1041 283 1079 Ro·

124 1112 184 1142 mam
192 1102 282 1141 citatus.

293 487 328 539 26
418 487 561 540 XXXVII.
580 487 620 541 De
639 486 729 540 initiis
746 503 779 540 ac
797 487 830 541 de
849 503 961 556 propag.
980 487 1292 554 pseudoretormationis.

293 640 403 693 essent
426 630 497 716 ejus
520 631 623 696 animi
648 653 779 711 sensus,
809 653 852 694 ex
875 632 947 715 ipsa
977 632 1025 694 rei
1049 640 1184 713 natura,
1217 630 1418 718 simulatque

292 728 380 791 vidit
396 728 563 792 doctrinas
578 751 654 792 suas
669 729 832 813 proscribi
858 737 889 792 et
905 751 940 792 se
957 730 1068 814 ipsum
1084 728 1230 794 haeresis
1254 729 1417 808 damnari,

294 827 532 912 protectionem
571 836 682 892 autem
718 826 760 890 ab
792 825 944 891 Electore
975 826 1108 891 Saxone
1144 829 1208 893 sibi
1245 832 1418 914 praestari,

294 935 444 1011 apertum
469 925 592 989 bellum
616 925 655 990 R.
680 925 833 989 Pontifici
859 934 891 988 et
913 925 1084 990 Ecclesiae
1108 926 1272 1008 indixit.¹)

384 1043 437 1106 23.
485 1043 609 1106 Romae
632 1043 765 1105 interim
790 1064 891 1105 causa
914 1041 1054 1107 Lutheri
1079 1044 1270 1107 examinata
1295 1054 1355 1124 est,
1380 1066 1419 1108 ac

294 1141 348 1204 die
359 1141 545 1226 7⁰Augusti
554 1164 583 1204 a.
596 1139 857 1204 lt'rlSLutherus
866 1142 996 1225 accepit
1007 1141 1209 1222 citationem,
1221 1163 1286 1226 qua
1296 1144 1361 1226 ipsi
1373 1144 1418 1205 in·
1504 1167 1505 1212 ;

293 1238 501 1323 jungebatur,
534 1248 571 1301 ut
602 1239 666 1302 nisi
689 1247 860 1301 revocaret
889 1239 975 1301 intra
999 1239 1173 1321 sexaginta
1197 1238 1269 1302 dies
1293 1240 1419 1304 Romae
1504 1233 1505 1298 ζ

293 1359 327 1401 se
350 1339 488 1402 sisteret.
524 1335 650 1400 Eodem
674 1334 743 1398 fere
766 1345 924 1420 tempore,
949 1335 1107 1400 videlicet
1130 1336 1184 1400 die
1207 1336 1246 1399 5⁰
1262 1337 1418 1422 Augusti,

292 1434 542 1498 Maximilianus
577 1434 761 1519 Imperator
800 1455 841 1496 ex
880 1433 1079 1518 Augustnna
1118 1436 1254 1498 civitate
1292 1435 1419 1500 litteras

292 1535 426 1596 miserat
464 1534 507 1597 ad
538 1531 746 1614 Pontificem,
786 1531 908 1617 quibus
946 1553 1087 1594 examen
1111 1542 1145 1595 et
1168 1531 1418 1598 damnationem

290 1633 374 1715 petit
390 1631 584 1716 opinionum
599 1629 748 1710 Lutheri,
773 1641 805 1692 et
821 1629 968 1715 pericula
982 1632 1129 1693 maxima
1142 1631 1270 1695 indicat
1285 1631 1418 1697 illarum

291 1729 526 1795 doctrinarum.
577 1728 698 1802 Quibus
722 1728 955 1809 (auctoribus),
988 1728 1103 1792 scribit
1126 1730 1321 1815 Imperator,
1354 1733 1420 1795 nisi

292 1826 507 1890 Beatitadt'rris
530 1827 658 1890 Vestrae
673 1837 702 1889 et
718 1825 1064 1890 Reuerendissimorurn
1085 1828 1217 1891 Putrem
1241 1831 1419 1893 auotoritas

290 1923 387 2011 lepem
404 1924 558 2010 finemque
581 1926 776 2010 imposuerit,
808 1924 895 1988 brevi
917 1947 980 1988 noa
1004 1924 1105 1988 solem
1128 1925 1296 2010 imperitae
1320 1928 1418 2013 impo-

289 2034 366 2086 neret
388 2021 595 2100 multitudini,
634 2023 691 2086 sed
725 2033 755 2086 et
787 2023 973 2108 principum
1001 2023 1140 2086 virorum
1165 2022 1227 2087 sita·
1251 2049 1365 2089 auram
1389 2037 1420 2088 et

288 2121 432 2203 favorem
455 2122 490 2184 ira
513 2131 652 2184 mutuum
670 2122 844 2206 perniciem
868 2120 1117 2206 comparabunt:
1140 2121 1252 2206 quibas
1268 2123 1298 2185 si
1313 2124 1418 2186 coani-

289 2219 432 2282 oerttidas
460 2219 571 2306 oeulis¹
586 2241 715 2304 campus
746 2228 875 2305 opertus
899 2229 929 2282 et
953 2217 1033 2282 liber
1064 2219 1243 2299 dimittitur,
1267 2221 1418 2307 ficturum
1505 2217 1506 2234 ³

290 2328 346 2396 est,
370 2327 405 2380 ut
423 2318 511 2402 'quod
535 2318 672 2380 omniurn
695 2318 831 2380 macinae
854 2317 889 2380 irs
913 2317 994 2380 votis
1016 2317 1140 2396 babent,
1165 2327 1199 2380 ut
1211 2341 1272 2402 pro
1289 2321 1418 2405 optimis

289 2426 319 2479 et
342 2416 551 2478 sanctissimis
575 2415 754 2479 doctoribus
777 2416 909 2478 istorum
931 2416 1066 2477 aeonius
1083 2438 1168 2500 prae
1193 2415 1290 2480 oeulis
1306 2414 1417 2481 iubere

289 2525 420 2597 cogetur
451 2524 532 2577 totus
561 2513 738 2595 mentiosi)
786 2513 836 2576 Ac
867 2512 951 2577 forte
982 2514 1084 2576 unitis
1107 2513 1236 2577 viribus
1259 2514 1417 2578 Pontifex

289 2621 322 2674 et
345 2611 529 2696 Imperator
553 2633 667 2675 severo
692 2611 814 2696 agendi
832 2611 930 2674 modo
956 2610 1068 2674 adhuc
1091 2613 1271 2696 reprimere
1294 2615 1416 2697 potuis-

290 2718 363 2773 sent
385 2709 549 2772 haeresim
578 2711 747 2790 orientem,
785 2709 841 2773 sed
866 2708 1005 2772 Luthori
1036 2709 1350 2778 ¹machinationibus
1385 2723 1416 2774 et

288 2808 451 2872 Electoris
475 2807 617 2872 Saxonis
650 2807 781 2870 influxu
814 2805 939 2870 factum
976 2817 1034 2887 est,
1074 2817 1111 2870 ut
1149 2808 1275 2871 minore
1308 2810 1415 2893 rigore
1506 2849 1507 2888 3

289 2904 532 2991 procederetur.
571 2907 625 2968 Ex
649 2905 748 2969 dictis
772 2914 883 2968 tamen
904 2906 976 2990 jam
1001 2907 1080 2969 satis
1105 2905 1280 2990 colligitur,
1307 2930 1415 2971 errare

289 3025 345 3066 eos
369 3004 553 3088 scripturae,
586 3005 644 3090 qui
669 3005 872 3084 existimant,
898 3025 1020 3087 magna
1044 3026 1085 3066 ex
1110 3014 1203 3088 parte
1226 3004 1414 3070 adscriben-

290 3101 370 3165 dum
395 3123 465 3164 esse
489 3103 669 3166 invectivis
693 3101 931 3165 catholicorum
956 3103 1154 3187 scriptorum
1178 3104 1213 3166 in
1229 3103 1415 3168 Lutherum

364 3371 384 3439 ¹)
404 3371 504 3424 Mirum
523 3378 565 3425 est
584 3371 616 3424 de
635 3375 772 3437 potestate
791 3370 932 3425 Pontificis
950 3371 1033 3425 etism
1053 3369 1283 3437 arehiepiscopum
1302 3371 1417 3440 Mogon-

289 3450 378 3504 tinum
396 3453 521 3506 notiones
540 3467 635 3519 parum
654 3455 795 3504 accuratas
820 3450 954 3508 habuisse.
993 3450 1080 3517 Quum
1100 3450 1206 3503 videret
1234 3451 1416 3518 agitationem

289 3531 444 3585 aLuthero
463 3533 611 3585 excitatam
630 3531 733 3598 augeri,
753 3531 805 3598 ipsi
824 3531 947 3597 scripsit:
968 3530 1053 3584 otium
1065 3530 1117 3584 sibi
1136 3530 1254 3583 nondum
1273 3529 1367 3598 luisse,
1386 3543 1416 3586 ut

288 3613 391 3678 scripta
410 3628 459 3665 sua
477 3612 632 3680 perlegeret
650 3612 694 3665 vel
714 3610 802 3664 obiter
820 3611 1012 3675 consideraret,
1037 3625 1066 3663 se
1091 3610 1118 3662 id
1145 3610 1296 3675 relinquere
1316 3612 1351 3667 iis
1371 3614 1415 3680 qui
1506 3639 1507 3698 p

288 3697 364 3747 statu
383 3698 412 3746 et
430 3692 568 3759 dignitate
587 3692 638 3760 ipsi
658 3692 869 3760 praeemineant.
907 3691 958 3745 Sed
977 3707 1036 3745 eum
1062 3690 1179 3743 tristitia
1197 3694 1226 3744 et
1243 3691 1416 3759 displicentia
1506 3705 1507 3724 ³

288 3787 435 3840 magnaeo
454 3772 598 3838 audivisse,
626 3772 791 3840 professores
820 3771 894 3826 fama
924 3771 1047 3839 insignes
1078 3770 1252 3824 vehementer
1282 3773 1358 3827 inter
1388 3789 1415 3828 ss
1506 3809 1507 3812 =

288 3867 412 3921 pugnare
431 3852 464 3906 de
482 3853 687 3918 quaestionibus
706 3853 842 3916 inanibus,
861 3852 903 3906 uti
923 3852 955 3906 de
975 3855 1112 3919 potestate
1125 3850 1272 3916 Pontificio,
1293 3869 1329 3907 an
1343 3855 1415 3908 vide-

288 3933 354 3986 licet
372 3934 430 3999 ipse
449 3948 482 3985 ex
500 3931 676 3987 institutione
700 3933 794 3986 divina
813 3933 858 3987 vel
876 3933 994 3986 humana
1019 3931 1057 3985 sit
1081 3936 1163 3997 caput
1182 3931 1321 3987 Ecclesiae
1348 3934 1413 3988 chri-

287 4012 402 4075 stianae,
431 4027 533 4065 necnon
553 4012 688 4066 delibero
708 4013 822 4067 arbitrio
842 4018 870 4066 et
889 4011 1022 4065 similibus
1042 4011 1129 4072 rebus,
1158 4011 1191 4063 de
1216 4011 1313 4076 quibus
1332 4013 1413 4068 bonus

288 4093 459 4148 Christianus
475 4108 569 4159 parum
588 4095 711 4160 occupari
731 4094 819 4148 debet.
853 4093 919 4160 Opp,
933 4092 1045 4146 Lutheri
1067 4107 1108 4158 ap.
1123 4090 1220 4144 Walch
1243 4092 1295 4148 XV
1313 4110 1339 4161 p.
1353 4096 1411 4148 640.

285 4173 320 4229 V.
342 4173 435 4240 Alzog‚
455 4173 489 4225 K.
510 4171 550 4236 G,
569 4173 600 4228 B.
620 4173 656 4229 ΙΙ.
678 4173 693 4244 ξ
713 4173 774 4226 299.

360 4269 383 4338 2)
403 4270 435 4328 V,
456 4269 587 4336 Raynald.
608 4286 631 4324 a.
655 4271 722 4324 1518
740 4288 766 4327 n.
787 4274 828 4330 90,
