2964 4912
319 484 372 538 348
574 481 645 534 XLI.
683 480 723 534 De
741 480 933 535 Declaratione
953 480 1023 534 Cleri
1043 479 1186 534 Gallicani.

146 625 297 728 Offiffln
408 613 461 691 39.
492 625 729 689 Convenerunt
746 625 846 707 igitur
863 624 1007 688 Comitia
1023 623 1159 687 Parisiis
1175 645 1285 686 mense
1301 620 1423 686 Octobri

274 718 278 726 ’
317 747 347 789 a.
375 723 476 806 16813
514 731 608 786 erant
637 732 748 785 autem
787 723 933 807 episcopi
969 724 1106 806 triginta
1137 731 1292 807 quatuor,
1326 720 1423 784 clerici

317 822 455 885 secundi
479 821 605 887 ordinis
627 821 765 904 triginta
788 831 923 906 septem.
961 819 1159 885 Nullatenus
1175 841 1252 883 vero
1277 819 1342 882 dici
1364 838 1424 902 pos·

316 929 393 982 sunt
416 918 464 982 illi
480 920 544 983 viri
568 918 683 982 eximii
708 926 739 981 et
762 917 1000 1003 praecellentes
1024 920 1110 982 inter
1126 926 1255 982 caetera
1271 915 1425 981 Ecclesiae

315 1015 510 1081 Gallicanae
525 1015 689 1098 membra3
714 1014 771 1079 sed
795 1017 1075 1102 quemadmodum
1095 1016 1241 1102 juridice
1257 1014 1426 1078 secundum
1474 1095 1475 1098 Ἴ

316 1138 459 1180 canones
483 1114 573 1179 nullo
598 1114 695 1178 modo
727 1115 816 1179 hanc
839 1114 1025 1179 Ecclesiam
1050 1113 1359 1201 repraesentabant,
1390 1113 1427 1174 ita

316 1237 377 1278 nec
402 1215 523 1299 pietate
547 1235 609 1276 nec
633 1214 751 1298 spiritu
768 1212 990 1277 ecclesiastico
1009 1212 1055 1276 illi
1072 1214 1206 1277 fuerunt
1229 1212 1287 1297 qui
1303 1210 1428 1274 caeteris

315 1310 567 1376 antecellebant.
619 1311 783 1374 Doctrina
818 1310 1043 1375 ecclesiastica
1085 1308 1221 1396 quidem
1257 1331 1316 1394 pro
1351 1307 1427 1370 felici

314 1409 403 1474 illius
434 1408 558 1473 saeculi
582 1409 772 1473 conditione
804 1410 885 1494 ipsis
909 1430 975 1472 uon
1007 1408 1136 1490 deerat,
1174 1409 1240 1471 imo
1265 1407 1376 1492 plures
1402 1407 1428 1467 in

316 1507 502 1591 disciplinis
525 1505 756 1570 ecclesiasticis
781 1515 875 1570 erant
898 1495 1074 1590 insigniter
1097 1505 1228 1586 eruditi,
1253 1505 1313 1569 sed
1333 1505 1429 1568 minus

315 1606 405 1678 vitae
439 1606 613 1668 sanctitate
646 1605 731 1667 varii
774 1625 816 1667 ex
849 1603 900 1668 his
941 1602 1147 1690 praesulibus
1183 1600 1431 1667 commendandi
1473 1649 1474 1658 .

316 1712 425 1784 erant,
459 1724 499 1765 ac
531 1703 714 1785 generatim
739 1703 809 1786 regi
834 1703 975 1765 nimium
1008 1711 1102 1766 erant
1133 1702 1258 1766 devoti.
1305 1701 1431 1763 Praeses

316 1799 533 1864 Comitiorum
562 1808 632 1862 erat
655 1800 843 1863 Franciscue
867 1801 906 1863 de
929 1800 1059 1888 Harlay
1087 1800 1361 1885 archiepiscopus
1383 1797 1432 1860 Pa·

315 1898 479 1979 risiansis,
515 1899 568 1961 vir
598 1898 632 1960 in
663 1899 804 1979 negotiis
840 1897 994 1980 gerendis
1024 1896 1123 1961 valde
1152 1906 1306 1962 versatus
1338 1898 1431 1980 iisque

316 1993 449 2058 dotibus
481 1995 651 2080 praeditus
684 2018 769 2081 quae
793 1995 939 2060 aulicum
972 1997 1224 2078 commendant,
1261 1995 1323 2059 sed
1356 1997 1431 2057 vitae

313 2092 450 2156 laxioris
483 2105 516 2155 et
548 2094 657 2178 quoad
682 2116 789 2158 mores
812 2093 911 2158 valde
944 2105 1126 2179 suspectus.
1172 2095 1225 2158 De
1250 2095 1326 2179 ipso
1360 2093 1432 2155 dixit

315 2191 512 2273 Bossuetus‚
548 2194 575 2256 si
608 2191 691 2256 fides
723 2191 878 2256 habenda
912 2203 960 2256 est
990 2195 1166 2257 secretario
1200 2193 1271 2277 ejus
1294 2191 1431 2255 Ledieu:

318 2289 408 2371 „Fau
432 2288 477 2354 M.
512 2287 552 2353 de
576 2290 670 2354 Paris
703 2312 745 2353 ne
778 2291 889 2354 faisait
912 2313 952 2354 en
985 2299 1057 2354 tout
1081 2291 1151 2354 cela
1176 2313 1239 2376 que
1272 2289 1385 2353 flatter
1407 2286 1431 2349 la
1476 2291 1477 2304 ¹

315 2409 405 2467 cour,
431 2388 566 2451 ecouter
588 2387 636 2452 les
659 2389 826 2452 ministres
851 2397 882 2452 et
906 2390 1017 2452 suivre
1045 2391 1065 2452 b
1088 2386 1252 2471 l'aveugle
1275 2386 1367 2450 leurs
1389 2407 1431 2447 vo·

314 2482 420 2548 lonte's
445 2507 574 2549 comme
599 2509 642 2550 un
660 2485 813 2566 valet.“¹)
860 2485 1011 2549 Fenelon
1028 2508 1106 2549 vero
1131 2487 1210 2550 atris
1233 2484 1337 2571 plane
1362 2482 1430 2547 colo·

314 2581 407 2645 ribus
431 2583 521 2646 hunc
544 2583 831 2668 archiepiscopum
860 2583 1019 2647 describit
1042 2585 1076 2647 in
1101 2583 1240 2670 epistola
1264 2583 1309 2646 ad
1337 2582 1432 2646 Ludo·

316 2681 429 2743 vicum
453 2681 557 2745 XIV:
586 2682 700 2763 „Vous
723 2703 805 2745 avez
830 2703 876 2744 un
900 2680 1109 2767 archeveque
1134 2704 1329 2766 corrompu,
1354 2701 1431 2744 scan-

316 2776 455 2857 daleux,
496 2777 725 2863 incorrigible,
768 2778 867 2860 faux,
901 2777 1021 2860 malin,
1064 2779 1270 2860 artificieux‚
1311 2776 1432 2842 ennemi

316 2875 358 2939 de
387 2885 478 2939 toute
502 2885 599 2940 vertu
629 2885 662 2939 et
694 2878 750 2961 qui
775 2876 834 2940 fait
864 2877 974 2960 gemir
1000 2885 1073 2940 tous
1096 2875 1143 2940 les
1166 2898 1249 2961 gens
1280 2875 1325 2938 de
1356 2874 1431 2938 bien.

316 2973 411 3036 Vous
445 2995 528 3037 vous
561 2996 602 3037 en
635 2972 886 3056 accommodes,
923 2996 1022 3059 parce
1051 2973 1131 3059 qu'il
1163 2996 1205 3038 ne
1230 2995 1336 3057 songe
1369 2971 1432 3057 qu'a

316 3092 399 3134 vous
432 3070 536 3155 plaire
559 3094 619 3157 par
643 3094 694 3135 ses
727 3071 892 3135 flatteries.
939 3070 967 3134 Il
989 3092 1013 3155 y
1036 3093 1056 3134 a
1088 3070 1162 3155 plus
1196 3070 1237 3134 de
1263 3072 1363 3153 vingt
1383 3089 1431 3132 ans

316 3166 414 3253 qu’en
439 3170 638 3253 prostituant
662 3190 720 3232 son
745 3168 897 3232 honneur
920 3168 943 3232 il
962 3169 1050 3254 jouit
1077 3169 1117 3233 de
1140 3178 1236 3233 votre
1261 3170 1431 3234 confianoe.

315 3266 411 3328 Vous
434 3265 481 3329 lui
505 3266 607 3331 livrez
639 3266 687 3331 les
710 3289 791 3351 gens
815 3267 856 3330 de
881 3266 976 3347 bien3
1012 3288 1095 3331 vous
1118 3266 1166 3330 lui
1188 3266 1309 3331 laissez
1334 3277 1431 3350 tyran·

315 3362 562 3448 niserl'Eglise,
587 3375 620 3428 et
642 3364 700 3428 nul
723 3363 831 3450 prelat
847 3374 1010 3429 vertueux
1033 3366 1118 3428 n'est
1141 3366 1239 3428 traite
1258 3367 1349 3428 aussi
1365 3364 1432 3427 bien

315 3483 379 3546 quc
402 3461 514 3543 lui.“2)

390 3727 411 3797 ¹)
430 3727 545 3780 Journal
564 3728 597 3784 de
616 3727 724 3792 Ledieu‚
744 3744 786 3795 ap.
806 3727 891 3782 Gtrin
910 3727 927 3780 l.
947 3744 967 3782 c.
987 3744 1012 3796 p.
1033 3730 1093 3782 220.

388 3825 411 3892 ³)
431 3823 472 3879 uf.
492 3824 577 3879 Gerin
595 3842 620 3892 p.
640 3828 700 3878 221.
732 3825 773 3878 De
792 3825 850 3892 ipso
869 3826 952 3880 etiam
971 3826 1049 3893 plura
1067 3825 1150 3880 habet
1162 3825 1261 3891 Boniti,
1281 3827 1321 3880 De
1332 3827 1395 3891 Pap.
1411 3821 1428 3875 1.

314 3921 340 3972 p.
360 3905 420 3959 698.
439 3905 527 3958 Nota:
545 3906 587 3959 De
606 3904 812 3972 Archiepisoopo
831 3905 980 3960 Parisiensi
999 3907 1031 3960 dc
1044 3905 1156 3972 Harlay,
1176 3905 1355 3961 comitiorum
1374 3901 1430 3956 anni

317 3986 386 4039 1682
411 3985 543 4053 praeside.
581 3985 656 4052 Quod
684 3999 779 4053 nempe
803 3986 887 4040 fuerit
905 3986 1066 4040 horrendum
1091 3985 1217 4041 luxuriae
1241 3985 1430 4055 hypocrisisque

314 4070 472 4118 monstrum.
491 4096 522 4103 -
544 4065 651 4132 Loyson
670 4065 817 4130 existimat,
836 4065 931 4119 mitius
951 4065 1127 4132 iudicandum
1145 4080 1204 4120 esse
1230 4068 1264 4121 de
1282 4068 1329 4121 hoc
1345 4061 1429 4119 Archi

314 4145 446 4213 episcopo,
465 4161 497 4198 ac
509 4145 629 4200 Penelon
647 4146 700 4213 ipsi
718 4145 854 4200 infensum
873 4145 957 4199 fuisse
976 4152 1087 4214 propter
1098 4146 1347 4202 condemnationem
1360 4142 1429 4210 Quie-

314 4225 389 4280 tismi
408 4225 529 4291 aliasque
547 4226 676 4280 rationes.
