2964 4912
302 485 356 540 364
560 485 633 540 XLI.
671 485 711 539 De
729 483 920 538 Declaratione
938 483 1010 539 Cleri
1030 483 1173 541 Gallicani.

302 629 453 693 doctores
492 649 632 714 quorum
666 629 814 692 maxima
853 649 930 712 pars
970 627 1094 692 similes
1126 651 1242 692 sensus
1281 628 1420 708 fovebat,

302 729 472 811 negotium
496 725 660 812 ejusmodi
685 736 913 812 susceperunt.
961 725 1073 806 Quum
1102 725 1352 812 archiepiscopo
1371 727 1423 812 jus

301 825 459 908 denegari
490 847 557 888 non
588 834 715 909 posset,
751 822 979 910 proscribendi
1011 845 1070 908 pro
1099 823 1296 908 Hungariae
1328 845 1422 908 regno
1476 823 1477 890 l

301 924 543 1007 propositiones
567 925 663 1006 istas,
696 942 870 987 censuram
896 922 1090 986 direxerunt
1112 921 1155 985 ad
1179 921 1262 986 illud
1286 924 1423 985 incisum

302 1021 343 1084 de
368 1019 453 1085 Sede
476 1019 670 1106 Apostolica
699 1021 860 1108 adquam
883 1021 983 1084 solam
1009 1069 1068 1086 ...
1093 1031 1214 1106 spectat
1244 1021 1283 1084 de
1309 1031 1424 1085 contro·

300 1119 410 1180 uersiit
431 1118 515 1201 fidei
538 1117 706 1207 judicare,
743 1128 776 1182 et
800 1116 882 1182 illud
907 1117 1121 1181 conditionate
1153 1117 1217 1182 hac
1241 1130 1321 1182 nota
1353 1119 1426 1181 satis

301 1235 388 1297 vaga
419 1224 451 1279 et
473 1214 634 1296 languida
663 1217 864 1281 affecerunt:
899 1215 1014 1298 „Haec
1037 1217 1234 1300 propositio,
1265 1226 1427 1302 quatenus

301 1311 450 1376 excludit
473 1313 515 1377 ab
531 1313 708 1400 Episcopis
732 1324 765 1378 et
780 1313 949 1392 Conciliis,
975 1314 1075 1376 etiam
1098 1313 1323 1397 generalibus,
1345 1313 1427 1399 judi-

301 1410 400 1474 candi
434 1410 475 1474 de
508 1411 586 1474 fidei
616 1413 850 1475 controversiis
884 1412 1134 1490 auctoritatem,
1170 1432 1271 1496 quam
1307 1411 1429 1475 habent

301 1509 493 1572 immediate
518 1532 538 1573 a
562 1509 711 1594 Christe,
736 1509 819 1573 falsa
844 1519 909 1592 est,
933 1511 1127 1592 temeraria,
1152 1529 1309 1591 erronea,
1335 1512 1427 1596 praxi
1478 1587 1479 1592 η

301 1604 473 1670 Ecclesiae
497 1606 656 1688 adversa,
688 1608 752 1670 Dei
778 1607 880 1670 verbo
912 1609 1094 1686 contraria,
1127 1605 1316 1671 doctrinam
1341 1629 1429 1672 reno·
1478 1641 1479 1646 κ

301 1727 385 1768 vans
409 1704 491 1769 alias
515 1728 535 1768 a
560 1704 733 1769 Facultate
756 1705 999 1790 reprobatam.“

138 1811 282 1884 &suuntur
390 1802 443 1866 56.
490 1803 706 1867 Innocentius
739 1803 790 1867 XI
830 1813 905 1888 post
937 1802 1207 1867 Declarationem
1241 1802 1332 1867 Cleri
1370 1826 1430 1867 non

126 1873 290 1975 ‘pfflqu'
302 1900 408 1964 edidit
431 1922 556 1964 novum
571 1901 679 1965 Breve
704 1923 768 1986 quo
793 1923 934 1964 censura
950 1923 1024 1964 eam
1045 1901 1202 1965 afficeret.
1244 1899 1313 1964 Sed
1331 1923 1429 1986 quum
1479 1949 1480 1960 ,

301 1998 400 2082 paulo
424 2008 499 2083 post
512 1999 708 2062 Ludovicus
725 1999 808 2062 XIV
834 2000 916 2063 duos
932 1999 1120 2062 sacerdotes
1135 2000 1192 2084 qui
1210 1997 1429 2063 Comitiorum

302 2096 451 2161 membra
476 2097 609 2160 fuerant
632 2096 675 2160 ad
705 2097 799 2161 sedes
823 2096 1027 2182 episcopales
1051 2098 1249 2177 nominaret,
1273 2097 1430 2160 Pontifex

300 2196 468 2258 recusavit
500 2194 787 2258 confirmationem
811 2215 935 2260 eorum.
983 2194 1079 2258 Tunc
1102 2215 1162 2257 rex
1193 2195 1363 2258 iracunda
1388 2217 1429 2258 su·
1480 2225 1481 2242 t

300 2291 418 2376 perbia
452 2301 636 2356 commotus
669 2291 857 2376 prohibuit,
893 2293 1072 2377 quominus
1095 2291 1152 2355 alii
1185 2313 1342 2377 quoque,
1381 2295 1429 2378 qui

302 2388 453 2455 Comitiis
477 2413 544 2455 non
568 2391 787 2455 interfuerant
815 2400 847 2454 et
869 2391 912 2455 ad
937 2390 1031 2455 sedes
1056 2389 1259 2475 episcopales
1284 2394 1429 2454 nomina-

301 2490 440 2570 bantur,
478 2490 762 2554 confirmationem
787 2489 912 2552 Romae
935 2497 1103 2573 peterent,
1138 2489 1204 2550 nisi
1236 2488 1341 2552 simul
1366 2491 1431 2552 istis

301 2588 418 2651 cadem
453 2586 700 2653 concederetur.
748 2585 814 2650 Sed
847 2587 1065 2651 Innocentius
1098 2595 1292 2650 constanter
1325 2590 1431 2652 renuit

302 2685 452 2749 membra
476 2684 695 2749 Comitiorum
727 2685 941 2765 confirmare,
978 2686 1131 2770 quamvis
1156 2683 1229 2748 aliis
1259 2687 1430 2750 confirma·

300 2786 425 2847 tionem
450 2785 592 2848 offerret.
633 2783 744 2863 Quum
769 2805 829 2846 rsx
853 2784 887 2846 in
906 2785 1031 2868 coeptis
1045 2784 1244 2867 persisteret,
1269 2784 1429 2868 paulatim

301 2884 438 2966 triginta
462 2884 610 2968 quinque
628 2882 795 2945 dioeceses
820 2882 985 2966 episcopis
1000 2889 1189 2946 caruerunt.
1228 2881 1316 2963 Rex,
1342 2882 1428 2946 mini-

302 2981 378 3063 stri,
411 3001 591 3064 eorumque
615 2979 778 3059 asseclae,
811 2977 1029 3041 vehementer
1053 2979 1088 3041 in
1111 2978 1314 3042 Pontificem
1347 2982 1429 3043 inve-

303 3077 443 3159 hebant,
468 3079 657 3163 conquesti,
688 3077 777 3162 quod
802 3077 873 3162 ejus
898 3075 1121 3140 obstinatione
1146 3074 1310 3140 ecclesiae
1336 3075 1428 3143 Galli-

301 3197 405 3239 canae
429 3174 650 3258 turbarentur,
675 3186 707 3238 et
732 3176 930 3239 detrimenta
953 3183 1163 3259 paterentur3
1188 3174 1247 3238 sed
1263 3176 1428 3252 Pontifex,

301 3275 359 3358 qui
392 3274 433 3337 de
462 3275 670 3338 recusatione
702 3272 833 3337 illorum
864 3275 1011 3335 virorum
1042 3273 1175 3336 nonnisi
1207 3275 1428 3337 conscientiae

302 3393 382 3435 suae
406 3393 445 3434 ac
460 3372 533 3434 Deo
557 3373 720 3435 rationem
739 3370 893 3451 debebat,
918 3371 1033 3434 firmus
1047 3371 1287 3454 perseveravit.
1330 3371 1428 3434 Vehe-

304 3490 397 3532 mens
428 3468 564 3554 quidem
597 3469 660 3532 fuit
687 3469 841 3553 gubernii
866 3468 995 3533 Galliae
1027 3471 1094 3546 ira3
1131 3477 1280 3532 attamen
1311 3491 1373 3532 rex
1400 3480 1428 3530 et

303 3568 446 3630 ministri
477 3567 548 3652 ejus
580 3589 646 3630 non
670 3569 742 3630 ausi
767 3576 844 3630 sunt
868 3575 988 3630 conatu
1013 3566 1223 3630 schismatico
1259 3568 1427 3650 episcopos

302 3666 374 3728 sine
399 3665 650 3729 confirmatione
673 3664 846 3728 Pontificis
870 3666 1081 3729 constituere.

392 3763 445 3828 57.
493 3763 597 3828 Aliud
632 3785 710 3826 vero
749 3764 919 3847 negotium
955 3763 1082 3825 interea
1117 3761 1316 3826 Ludovicus
1350 3760 1425 3824 Xll'

302 3857 474 3925 facessivit
489 3862 684 3925 Innocentio
701 3861 762 3943 XI,
789 3882 890 3946 quum
909 3859 966 3922 bic
982 3860 1133 3942 abusum,
1159 3879 1223 3945 quo
1241 3860 1424 3944 principum

304 3958 543 4024 catholicorum
566 3959 667 4043 legati
691 3959 816 4022 Romae
840 3959 1023 4022 residentes
1046 3959 1082 4022 in
1106 3959 1174 4021 suis
1197 3957 1341 4042 palatiis,
1365 3958 1423 4018 imo

304 4059 339 4120 in
373 4079 486 4121 eorum
521 4059 662 4120 circuitu
696 4056 857 4120 maleficis
890 4056 1032 4140 asylum·
1059 4053 1304 4137 concedebant,
1339 4052 1423 4116 abro-

304 4164 419 4239 gatum
451 4154 565 4220 voluit.
615 4152 698 4218 Cum
731 4177 770 4218 ea
794 4152 887 4238 asyla
919 4155 954 4217 in
985 4174 1151 4216 summum
1182 4150 1422 4238 tranquillitatis

304 4262 337 4316 et
361 4253 475 4316 salutis
500 4252 654 4337 publicae
679 4243 914 4315 detrimentum
939 4261 1124 4335 vergerent,
1148 4272 1243 4334 reges
1267 4253 1420 4315 incorum
