3020 4908
398 448 438 500 De
456 445 652 515 propagatione
670 444 880 500 incredulitatis.
1150 443 1200 497 411

88 593 262 676 impiorum
287 593 321 655 in
346 613 405 655 sua
429 590 645 676 perversitate
669 590 715 652 ita
739 587 933 656 obfirmatus
957 597 1021 670 est,
1055 596 1091 650 ut
1115 587 1206 651 dein-

86 712 159 776 ceps
196 711 300 774 usque
338 689 381 753 ad
416 688 514 752 finem
549 689 638 750 vitae
670 707 748 750 suae
779 686 861 751 Jesu
892 684 1015 750 Christi
1052 685 1204 768 religioni

85 787 280 852 evertendae
303 807 437 871 operam
462 785 670 871 impenderit.
710 784 859 848 Voltaire
876 783 1122 848 incredulorum
1146 805 1204 846 seu

85 883 478 970 pseudophilosophorum
503 882 625 947 saeculi
651 883 780 946 decimo
796 884 905 946 octavi
923 882 1116 968 patriarcba
1139 902 1204 943 me·

84 984 141 1046 rito
166 992 314 1061 vocatur,
340 992 550 1067 caeterosque
575 1002 689 1046 omnes
712 982 899 1065 impietate,
924 979 1149 1044 obscoenitate
1172 987 1205 1041 et

84 1080 314 1145 maledicentia
338 1082 518 1165 superavit.
565 1078 659 1145 Obiit
682 1101 710 1144 a.
739 1079 834 1144 1778.

168 1179 222 1243 44.
263 1177 417 1242 Voltairii
441 1179 549 1241 socius
572 1178 723 1256 Diderot,
748 1177 828 1240 artis
852 1175 1002 1239 medicae
1027 1175 1202 1254 studiosus,
1218 1183 1373 1258 Euarchos*

85 1275 183 1339 multa
208 1278 349 1362 scripta,
381 1278 415 1340 16
440 1276 561 1361 quibus
585 1276 850 1359 scepticismum,
875 1271 1147 1337 materialismum
1172 1281 1203 1334 et
1257 1249 1339 1287 dm

84 1373 280 1439 atheismum
303 1374 469 1460 professus
493 1383 556 1455 est,
589 1371 792 1457 compilavit.
840 1371 971 1436 Tertius
994 1370 1047 1434 his
1065 1371 1204 1455 junctus

84 1481 149 1534 erat
182 1473 329 1537 Joaaaes
365 1470 573 1550 ci’Alerabert,
609 1493 638 1535 a.
665 1472 750 1534 1717
786 1471 923 1535 Parisiis
957 1468 1060 1533 nobili
1096 1477 1204 1532 scorto

85 1566 260 1653 (Claudius
284 1569 426 1651 Tencin)
451 1579 558 1651 natus,
584 1590 682 1653 quem
706 1591 726 1632 6
750 1577 854 1632 matre
878 1569 1066 1652 expositum
1089 1567 1206 1630 Patres

85 1663 224 1730 Oratorii
250 1678 467 1753 susceperunt
491 1676 523 1730 61
546 1666 741 1730 educarunt.
788 1666 930 1752 Abjecta
953 1666 1122 1749 religione,
1148 1686 1205 1727 616

85 1772 114 1825 61
136 1765 264 1829 calamo
296 1767 502 1850 impietatem
533 1785 728 1849 promovere
759 1773 792 1827 et
821 1766 1000 1849 praecipue
1029 1765 1064 1827 in
1088 1762 1203 1827 acade-

84 1863 162 1926 mias
184 1872 216 1926 ct
231 1885 405 1948 procerum
424 1863 541 1926 domus
559 1884 631 1926 eam
648 1883 831 1946 propagare
848 1861 983 1926 studuit.
1029 1861 1075 1924 Hi
1090 1863 1204 1924 trium·

84 1961 143 2023 viri
167 1983 284 2025 versus
308 1961 456 2024 medium
481 1960 650 2024 saeculum
675 1960 841 2023 decimum
867 1969 1021 2024 octavum
1047 1981 1122 2022 cum
1146 1958 1204 2023 ali-

85 2067 158 2142 quot
181 2060 257 2123 aliis
282 2060 559 2144 conspirationem
575 2057 861 2121 antichristianam
886 2059 1031 2121 inierunt
1055 2058 1097 2121 ad
1113 2080 1202 2122 ever·

84 2156 214 2220 tendam
238 2156 448 2241 religionem,
474 2157 522 2220 uti
547 2178 590 2219 ex
614 2154 759 2240 epistolia
784 2177 897 2218 eorum
922 2155 1095 2238 colligitur.
1135 2155 1203 2220 Ma-

84 2255 168 2318 xime
192 2256 234 2319 iis
257 2255 410 2319 inserviit
433 2253 534 2317 editio
553 2251 836 2338 Eacyclopaediae,
862 2275 946 2338 quae
962 2253 1040 2317 inde
1056 2253 1098 2316 ab
1115 2274 1204 2317 anno

86 2349 164 2414 1756
189 2352 252 2416 sub
274 2352 455 2416 directione
472 2373 601 2415 summa
621 2352 768 2435 ipsorum
785 2351 926 2415 Diderot
949 2361 980 2415 et
997 2351 1204 2416 d’Alembert

83 2447 115 2510 in
135 2449 244 2513 lucem
278 2452 383 2514 emitti
408 2451 527 2535 coepit.
573 2449 613 2513 In
637 2448 700 2512 hoc
724 2470 822 2534 opere
853 2449 969 2513 ordine
993 2448 1204 2534 alphabetico

85 2565 193 2611 omnes
228 2549 388 2612 materiae
423 2547 465 2611 ad
490 2546 632 2628 litteras,
668 2555 771 2629 61166,
806 2547 956 2631 opificia,
992 2547 1202 2631 theologiam,

84 2641 344 2731 philosophiam,
370 2645 558 2728 historiam,
578 2645 895 2731 jurisprudentiam,
919 2644 1088 2729 politicam
1114 2668 1204 2731 spec·

83 2747 184 2806 tentes
207 2742 506 2829 pertractabantur.
532 2781 574 2790 -
599 2743 661 2806 His
685 2744 771 2806 varii
794 2741 853 2806 alii
876 2742 1203 2829 pseudophilosophi,

83 2845 116 2899 ut
144 2861 171 2906 e.
195 2863 226 2926 g.
253 2840 283 2905 J.
309 2842 341 2906 J.
366 2842 537 2905 Rousseau
566 2850 599 2904 et
621 2841 820 2905 Franciscus
844 2839 1002 2924 Quesnay
1036 2863 1111 2904 cum
1144 2864 1205 2905 sua

83 2945 166 3000 scota
197 2939 334 3024 politica
365 2941 663 3003 oeconomistarum
696 2938 843 3002 addendi
874 2947 960 3002 sunt.
1007 2941 1058 3002 Ite
1088 2961 1204 3004 versus

82 3030 178 3098 finem
202 3036 328 3102 saeculi
353 3037 474 3101 decimi
495 3038 605 3100 octavi
629 3035 844 3100 incredulitas
868 3046 901 3099 et
923 3035 1058 3100 licentia
1074 3058 1203 3101 morum

83 3129 177 3196 valde
200 3136 236 3198 in
261 3133 371 3199 Gallia
396 3135 534 3199 dilatata
558 3145 616 3200 est.

166 3231 219 3296 45.
267 3233 307 3296 In
341 3233 517 3298 Germania
549 3241 680 3317 praeter
712 3233 822 3296 varios
856 3233 1030 3316 scriptores
1062 3235 1204 3297 rationa-

82 3321 169 3392 listas
200 3339 233 3394 et
264 3330 404 3413 dsistas,
436 3330 684 3394 Fridericus'll
708 3331 883 3394 Borussiae
907 3353 966 3393 rex
997 3333 1118 3415 partim
1149 3354 1204 3395 ex-

84 3425 203 3511 emplo,
230 3430 351 3513 partim
376 3429 490 3492 favore
515 3426 694 3492 ethonore
719 3449 783 3513 quo
808 3438 1000 3512 prosecutus
1024 3439 1072 3492 661
1096 3429 1203 3514 sophi-

84 3528 145 3586 stas
169 3525 318 3608 Galliae,
355 3548 421 3590 non
445 3548 564 3611 parum
595 3526 734 3590 contulit
764 3525 806 3589 ad
832 3527 1106 3610 irreligiositatem
1132 3549 1203 3613 pro·

84 3624 290 3689 movendam.
337 3623 432 3687 Haec
465 3624 542 3688 dein
566 3623 665 3687 valde
697 3633 879 3708 propagata
911 3633 960 3687 661
983 3645 1081 3709 66616
1114 3625 1204 3710 quod

84 3718 272 3800 apluribus
305 3722 521 3806 scriptoribus
554 3722 688 3808 adjutus
721 3721 800 3784 inde
833 3720 874 3785 ab
908 3744 995 3785 anno
1022 3721 1107 3786 1765
1141 3722 1202 3786 sub

83 3817 213 3882 nomine
250 3819 447 3884 Uaioereaiis
478 3818 691 3884 Bibliothecae
724 3818 932 3883 Germanicae
964 3819 1061 3884 edere
1094 3822 1205 3906 coepit

85 3907 230 3997 Nicolai,
263 3915 446 4003 bibliopola
470 3917 703 3983 Berolincnsis.
751 3916 791 3980 In
825 3915 888 3980 hoc
921 3938 1019 4002 opere
1050 3918 1127 3983 libri
1161 3941 1203 3982 ex

85 4013 170 4074 omni
200 4014 452 4098 disciplinarum
476 4037 597 4100 genere
629 4013 903 4097 recensebantur,
940 4037 1006 4099 qua
1030 4018 1204 4080 occasione

85 4112 349 4194 proponebantur
381 4117 564 4178 sentcntiae
588 4112 878 4196 antichristianae,
913 4115 1002 4176 circa
1036 4114 1205 4179 doctrinas

86 4205 278 4276 orthodoxas
303 4210 405 4276 dubia
430 4222 462 4275 et
486 4211 698 4276 difficultates
722 4210 952 4295 movebantur,
978 4221 1011 4276 ct
1027 4213 1204 4296 scriptores
