2964 4912
358 505 399 558 De
418 504 619 560 Constitutione
641 505 814 576 incipendae.
1096 507 1149 560 301

42 651 268 714 exhibitionem
294 670 392 712 verae
416 648 626 712 obedientiae
658 651 897 732 resipiscerent.
946 649 1011 714 Sed
1037 649 1149 714 Cardi-

42 748 113 812 nalis
145 749 186 812 de
209 746 356 812 Noailles
383 747 455 832 jam
479 769 545 810 non
570 769 589 810 a
612 747 703 831 Papa
733 747 776 810 ad
801 747 943 831 Papam,
979 747 1037 811 sed
1070 759 1150 811 tunc

41 845 222 930 simpliciter
262 853 293 907 et
326 846 424 908 unice
457 845 501 908 ad
534 845 686 929 generale
722 843 906 909 Concilium
943 847 1149 929 provocavit.

40 943 182 1007 Attamen
207 942 338 1007 Bullam
368 943 554 1028 Unipenc'tne
588 945 735 1006 universi
760 943 848 1006 orbis
872 942 1043 1007 christiani
1068 945 1149 1028 epis-

40 1043 119 1125 copi,
143 1051 243 1127 atque
268 1043 303 1104 in
327 1038 436 1104 Gallia
461 1041 560 1103 etiam
586 1062 699 1104 omnes
724 1040 900 1125 praesules,
925 1051 1056 1125 praeter
1079 1063 1149 1104 sex-

39 1137 133 1201 decim
158 1137 213 1202 vel
237 1137 491 1222 septemdecim,
517 1137 630 1201 debita
654 1139 843 1201 obedientia
867 1149 1077 1223 receperunt,
1103 1140 1150 1202 ita

38 1245 66 1296 ut
87 1236 371 1300 schismaticorum
395 1235 495 1299 factio
520 1234 611 1299 haud
635 1235 772 1299 ulterius
797 1248 965 1300 cresceret.

114 1335 165 1398 91.
206 1336 359 1416 Longum
393 1343 478 1396 esset
508 1331 622 1396 turbas
656 1333 857 1415 describere,
894 1355 978 1420 qnae
1011 1355 1053 1396 ex
1086 1334 1149 1398 hoc
1173 1331 1305 1436 gfflffig

14 1440 110 1510 jstatu
142 1453 254 1496 rerum
287 1431 373 1494 ultra
398 1431 596 1495 decennium
633 1433 823 1495 continuato
853 1433 887 1495 in
917 1431 1026 1496 Gallia
1058 1442 1309 1502 1111111111,

37 1539 110 1592 sunt.
156 1529 357 1592 Perduravit
373 1530 535 1613 oppositio
557 1531 786 1614 episcoporum
810 1529 1016 1616 aliorumque
1038 1530 1148 1616 appel-

35 1623 161 1690 lantium
187 1625 249 1691 sub
273 1627 455 1690 Innocentio
479 1627 571 1704 XIII,
597 1631 708 1709 (antea
734 1626 875 1691 Michael
901 1626 998 1694 Card.
1025 1626 1148 1710 Conti),

37 1726 81 1807 qui
104 1725 157 1788 die
183 1725 223 1790 8⁰
245 1725 326 1788 Maii
353 1725 436 1787 1791
469 1725 511 1789 ad
536 1723 656 1788 Sedem
681 1724 907 1810 Apostolicam
932 1734 1066 1788 evectus
1090 1735 1148 1804 est,

36 1841 123 1904 quum
149 1821 305 1886 Clemens
321 1822 373 1885 XI
399 1822 452 1885 die
478 1822 536 1885 19ο
553 1823 664 1886 Μ11111
689 1823 892 1887 decessisset.
939 1821 1149 1886 Gubernavit

35 1918 239 1985 Innocentius
272 1921 360 1984 XIII
392 1920 579 1984 Ecclesiam
615 1943 719 2004 usque
752 1919 795 1984 ad
829 1921 860 1986 d.
891 1922 949 1983 7⁰¹⁰
973 1921 1084 1983 Martii
1118 1943 1147 1986 a.

38 2017 119 2084 1724.
166 2020 249 2082 Post
273 2019 343 2104 ejus
368 2019 495 2082 obitum
527 2019 787 2103 suffragantibus
811 2018 965 2082 omnibus
991 2016 1148 2083 Cardina-

35 2112 108 2178 libus
132 2117 186 2180 die
202 2116 357 2180 29⁰Maii
373 2117 530 2181 Pontifex
552 2118 760 2180 renuntiatus
784 2127 833 2180 est
848 2117 1036 2181 Benedictus
1056 2117 1147 2196 XIII,
1236 2108 1241 2122 Χ

34 2223 119 2277 antea
142 2216 345 2279 Vincentius
375 2215 482 2278 Maria
508 2213 695 2279 Cardinalis
720 2214 861 2280 Ursinus
892 2213 931 2279 Ο.
955 2214 1011 2297 Ρ.,
1042 2213 1147 2277 archi-

36 2312 198 2398 episcopus
215 2313 486 2393 Beneventanus,
511 2314 599 2376 vitae
617 2314 837 2377 sanctimonia
854 2313 1003 2396 insignis.
1034 2310 1147 2391 Quum

35 2404 79 2470 hic
101 2413 148 2473 uti
166 2409 408 2474 Praedeoessor
432 2411 502 2495 ejus
527 2412 683 2474 continuo
705 2410 957 2475 submissionem
975 2410 1035 2474 sub
1051 2409 1148 2473 Bulla

38 2503 212 2592 Unipcnc'tne
236 2517 377 2593 urgeret,
403 2517 501 2593 atque
527 2510 626 2572 etiam
647 2531 706 2571 rex
721 2508 914 2572 Ludovicus
930 2508 997 2572 XV
1021 2509 1148 2571 monita

35 2622 82 2664 sua
99 2605 267 2688 jungeret,
291 2605 428 2670 tandem
445 2603 632 2670 Cardinalis
657 2606 697 2670 de
719 2605 864 2670 Noailles
887 2604 930 2669 ad
953 2607 1146 2690 resipiscen-

35 2699 102 2764 tiam
137 2725 171 2766 se
210 2705 383 2768 convertit.
430 2703 529 2765 Anno
557 2704 642 2766 1798
677 2703 730 2767 die
757 2703 816 2766 11⁰
838 2702 993 2769 Octobris
1020 2703 1147 2768 litteras

35 2799 200 2878 pastorales
226 2799 347 2882 edidit,
373 2802 407 2863 in
433 2799 554 2885 quibus
579 2800 857 2865 Constitutionem
885 2803 1070 2888 Unipenitne
1093 2801 1146 2865 de-

35 2897 120 2960 misse
143 2908 177 2961 11
202 2920 284 2982 pure
308 2900 512 2982 acceptavit,
546 2919 725 2983 omnesque
750 2900 982 2962 instructiones
1011 2907 1068 2961 aut
1092 2920 1146 2961 ex-

34 2991 227 3076 plicationes,
253 3018 335 3081 quas
359 2996 400 3059 de
425 2995 481 3059 illa
497 2993 738 3060 Constitutione
762 3005 860 3059 antea
884 2995 1029 3081 dederat,
1054 3017 1145 3059 revo-

35 3093 119 3155 cavit.
166 3092 219 3156 Ita
243 3093 454 3179 Appellantes
485 3096 703 3179 praecipuum
734 3116 829 3156 suum
854 3093 996 3157 fulcrum
1029 3095 1145 3157 amise-

34 3200 106 3254 runt.
152 3191 284 3254 Eodem
320 3202 468 3275 tempore
504 3192 650 3276 episcopi
686 3191 812 3276 plures,
848 3192 1042 3276 improbatis
1077 3194 1146 3255 suis

34 3287 299 3369 appellationibus
337 3288 468 3352 Bullam
511 3289 697 3374 Unipent'tns
741 3289 882 3352 demisse
919 3299 1143 3374 acceptarunt.

35 3379 132 3460 Quum
159 3385 348 3451 Cardinalis
384 3387 424 3450 de
449 3385 594 3450 Noailles
627 3386 722 3450 brevi
757 3396 831 3472 post
860 3387 913 3450 die
938 3387 975 3450 2⁰
998 3386 1078 3449 Maii
1113 3409 1143 3450 a.

35 3479 107 3547 1729
131 3484 278 3568 obiisset,
303 3506 526 3548 successorem
549 3483 668 3546 habuit
689 3482 872 3569 Caspasum
897 3484 937 3548 de
952 3483 1144 3547 Ventimille

34 3589 119 3645 antea
140 3581 430 3668 archiepiscopum
447 3580 649 3667 Aquensem,
664 3583 730 3666 ¹qui
752 3582 829 3646 inde
846 3581 888 3645 ab
904 3583 997 3645 initio
1012 3581 1145 3645 Bullam

38 3673 211 3762 Unipenitne
240 3689 483 3766 acceptaverat.
529 3680 562 3744 Is
594 3679 711 3744 eodem
740 3702 826 3744 anno
853 3680 938 3743 1799
969 3679 1144 3764 plerosque

34 3773 179 3840 ecclesiae
204 3777 476 3862 metropolitanae
500 3779 677 3841 canonicos
701 3777 744 3841 ad
769 3779 932 3841 sinceram
955 3777 1072 3841 Bullae
1096 3799 1143 3840 re·

35 3875 208 3954 ceptionem
238 3878 419 3960 permovit,
451 3884 483 3938 et
507 3875 657 3940 Sorbona
681 3897 812 3961 quoque
835 3886 986 3940 votorum
1012 3874 1142 3960 plurali-

34 3972 91 4030 tate
113 3980 295 4036 contestata
319 3982 383 4057 est,
417 3972 585 4036 decretum
610 3995 674 4058 quo
700 3970 976 4038 Constitutionem
1000 3997 1028 4040 1.
1057 3974 1144 4037 1714

35 4079 253 4154 acceptaverat
287 4094 356 4135 esse
397 4071 644 4153 authenticum,
681 4093 754 4134 eam
790 4073 909 4135 iterum
944 4073 1142 4156 acceptavit,

35 4181 181 4253 suamque
212 4168 467 4254 appellationem
500 4168 619 4232 atalia
650 4177 764 4232 contra
786 4169 917 4233 Bullam
946 4179 1020 4233 1111
1050 4190 1142 4231 revo-

36 4264 123 4328 cavit.
167 4267 322 4352 Denique
346 4290 375 4331 a.
393 4267 480 4331 1730
503 4266 697 4332 Ludovicus
712 4266 1040 4330 XV.Parlamentum
1055 4267 1142 4330 Pari·
