3288 4900
509 457 622 512 Concilii
640 456 766 524 periodus
784 457 915 537 secunda,
1218 460 1267 511 107

238 604 287 670 59.
312 602 467 666 Pontifex
484 604 584 686 igitur
608 622 686 665 mox
702 603 853 664 animum
870 621 908 662 eo
925 599 1059 684 adjecit,
1085 613 1121 664 ut
1135 599 1267 666 Caesari
1280 601 1387 642 sunum
1408 603 1443 676 Ῥ-

161 699 329 784 obsequens
354 700 540 764 Concilium
566 699 718 764 Tridenti
743 700 956 778 instauraret,
982 697 1145 784 simulque
1170 701 1270 764 etiam
1303 666 1422 767 iiiiii

162 798 370 862 Henricumll
388 797 517 863 Galliae
541 819 653 880 regem
677 806 826 860 moveret
849 806 937 860 uteo
955 796 1127 881 episcopos
1141 793 1271 862 Galliae

162 897 299 960 mitteret.
348 896 460 981 Atque
493 896 565 980 jam
600 895 640 958 de
672 894 723 958 his
759 894 933 958 conatibus
972 893 1085 979 aliqua
1116 895 1273 959 videntur

161 993 447 1075 commemoranda,
476 1004 513 1058 ut
536 1002 705 1078 appareat,
737 1003 861 1078 quanta
885 995 918 1055 in
943 993 1014 1056 istis
1047 994 1188 1076 negotiis
1213 994 1272 1058 Ec-

161 1090 265 1154 clesiae
280 1092 460 1176 prudentia
476 1091 545 1158 Ra.
561 1090 741 1156 Pontifices
764 1092 813 1154 uti
838 1090 1024 1171 debuerint,
1049 1091 1093 1154 ad
1106 1091 1274 1156 vincenda

159 1189 316 1254 obstacula
341 1213 426 1276 quae
451 1188 600 1254 Concilio
631 1189 846 1253 oecumenico
880 1190 940 1252 rite
975 1187 1173 1252 celebrando
1199 1212 1273 1253 con·

158 1288 238 1351 tinuo
276 1310 319 1352 ex
352 1288 560 1373 principibus
594 1287 828 1352 obveniebant.
884 1287 1003 1370 Legati
1043 1288 1144 1370 igitur
1181 1290 1273 1353 missi

157 1397 232 1466 sunt,
266 1386 310 1450 ad
336 1385 492 1450 Carolum
519 1387 549 1450 V
581 1384 745 1469 Pighinus
769 1384 1040 1470 archiepiscopus
1065 1383 1273 1469 Sipuntinus,

158 1485 201 1545 vir
223 1483 358 1548 Caesari
381 1494 512 1567 gratus3
548 1485 591 1548 ad
615 1484 802 1548 Henrioum
828 1505 905 1546 vero
930 1483 1115 1546 'l‘rivultius
1138 1487 1275 1550 antistes

157 1580 353 1646 Tolonensis.
400 1583 494 1646 Haec
518 1583 719 1646 Nuntiorum
742 1582 855 1644 missio
885 1603 922 1644 co
955 1580 1123 1662 tendebat,
1162 1593 1197 1646 ut
1232 1605 1274 1646 ex

157 1701 214 1742 una
227 1689 322 1765 parte
346 1703 406 1744 rex
419 1679 547 1746 Galliae
572 1679 787 1744 induceretur
810 1679 852 1742 ad
868 1678 1011 1742 libenter
1025 1681 1274 1745 assentiendum

156 1777 280 1860 Synodo
306 1779 459 1842 Tridenti
485 1778 714 1859 celebrandae,
747 1787 779 1841 et
810 1799 851 1840 ne
885 1799 956 1840 earn
982 1776 1153 1841 Pontilicis
1176 1780 1274 1862 grati-

156 1874 335 1940 ficationem
361 1899 439 1960 erga
458 1879 635 1942 Caesarem
659 1897 757 1959 aegre
781 1875 897 1939 ferret:
923 1886 1022 1960 atque
1047 1885 1083 1939 ut
1107 1898 1149 1938 ex
1172 1875 1276 1941 altera

155 1985 238 2054 parte
262 1985 515 2058 permoveretur
528 1973 666 2038 Carolus
690 1973 734 2037 ad
746 1971 1012 2058 amplectendam
1026 1994 1099 2036 eam
1112 1976 1273 2038 rationem

155 2073 357 2137 convocandi
382 2073 579 2138 Tridentum
606 2071 758 2151 Concilii,
794 2093 878 2156 quae
903 2071 1057 2134 Pontifici
1091 2082 1123 2136 et
1146 2069 1296 2136 Galliae·

154 2164 215 2254 regi
239 2171 455 2236 satisfaceret.
492 2171 566 2251 Quo
591 2171 693 2253 igitur
716 2171 862 2254 primum
886 2169 1100 2254 perficeretur
1124 2179 1275 2234 curatum

155 2281 205 2352 est,
238 2281 272 2333 ut
298 2269 340 2334 ab
366 2269 505 2333 Henrici
530 2271 643 2332 animo
676 2269 882 2353 suspiciones
906 2266 1158 2351 depellerentur,
1193 2290 1277 2353 quas

156 2365 195 2429 illi
218 2368 365 2432 nominis
389 2368 603 2447 existimatio,
629 2366 807 2429 aemulatio
832 2367 1016 2450 acprivata
1034 2366 1137 2449 ipsius
1151 2365 1277 2430 utilitas

154 2466 356 2549 ingerebant.
405 2464 559 2530 Ostendit
583 2466 613 2528 ei
638 2464 794 2545 Nuntius,
829 2476 987 2548 quantam
1013 2465 1118 2547 ipsius
1142 2462 1278 2527 honoris

154 2562 406 2626 sollicitudinem
431 2562 588 2626 Pontifex
612 2562 759 2642 haberet,
789 2574 822 2625 et
850 2562 1123 2625 convocationem
1148 2560 1276 2645 Synodi

153 2659 346 2724 Tridentum
378 2683 444 2724 non
469 2660 510 2724 ob
535 2663 759 2745 importunam
785 2660 937 2723 Caesaris
968 2660 1162 2743 petitionem
1193 2660 1276 2742 fieri,
1364 2720 1372 2736 ,

154 2759 204 2822 sed
235 2781 274 2822 eo
308 2758 397 2843 quod
429 2757 553 2822 bonum
584 2758 755 2822 Ecclesiae
787 2757 822 2820 id
854 2759 988 2821 omnino
1021 2757 1184 2822 suaderet.
1232 2759 1278 2822 At

153 2859 300 2939 privatae
339 2855 492 2920 utilitatis
531 2856 711 2936 obstacula,
756 2877 842 2941 quae
881 2854 1077 2918 difficillime
1116 2855 1276 2941 perfringi

153 2953 263 3036 solent,
296 2977 336 3018 ea
359 2963 439 3017 tunc
464 2956 564 3018 etiam
589 2964 693 3037 erant,
727 2976 812 3039 quae
836 2952 1034 3017 difficillime
1065 2952 1175 3037 disjici
1206 2975 1276 3038 pos·

153 3065 230 3132 sent,
256 3074 335 3116 cum
359 3051 463 3138 probe
487 3064 597 3118 nosset
613 3053 791 3132 Henricus,
817 3051 880 3116 sibi
894 3051 1091 3115 detrimento
1116 3051 1277 3133 futurum,

153 3149 314 3236 quidquid
340 3150 459 3214 Carolo
484 3150 705 3215 emolumento
738 3151 831 3230 foret,
862 3149 909 3213 illi
942 3170 1020 3212 vero
1054 3148 1277 3214 emolumento

154 3248 311 3330 futurum,
337 3247 372 3312 id
386 3248 474 3333 quod
487 3257 554 3312 tam
572 3248 751 3331 flagranter
775 3247 992 3330 efflagitabat.
1029 3247 1278 3326 Verumtamen,

153 3357 185 3408 ut
200 3371 219 3410 a
236 3369 314 3430 rege
339 3369 379 3410 ea
402 3349 569 3432 persuasio
586 3358 820 3427 removeretur,
846 3345 1010 3430 quaedam
1026 3346 1110 3408 ratio
1127 3344 1280 3409 subtilior

153 3457 197 3507 est
220 3444 384 3510 adhibita.

240 3543 294 3608 60.
342 3542 588 3622 Insinuabatur,
624 3563 694 3604 esse
726 3541 860 3625 quidem
886 3563 903 3603 e
927 3562 962 3603 re
987 3540 1139 3604 Caesaris
1169 3552 1278 3624 postu-

153 3638 227 3723 lare,
260 3663 327 3706 non
351 3643 429 3704 item
456 3639 606 3704 obtinere
631 3637 839 3720 Concilium,
872 3638 929 3702 ubi
962 3639 1049 3702 enim
1080 3636 1114 3700 id
1139 3636 1279 3720 denega·

149 3748 250 3822 retur,
281 3740 469 3824 speciosum
493 3737 540 3802 illi
565 3737 707 3801 colorem
741 3737 880 3819 effundi,
915 3736 1090 3800 haereticis
1121 3757 1181 3820 per
1205 3757 1279 3800 con·

155 3838 298 3903 cordiam
324 3836 551 3902 satisfaciendi
568 3837 651 3899 citra
665 3834 911 3900 Catholicorum
925 3833 1104 3920 querelam,
1129 3833 1280 3918 adeoque

155 3933 194 3997 ab
220 3937 376 3999 universa
392 3933 574 4002 Germania
598 3932 794 4018 obsequium
818 3934 881 4016 ipsi
899 3942 998 4017 atque
1010 3930 1279 3996 benevolentiam

155 4043 322 4118 tamquam
352 4032 486 4096 domino
525 4032 721 4117 praestitum
756 4033 807 4094 iri.
854 4030 900 4094 At
933 4040 1064 4110 contra,
1104 4031 1280 4113 impetrato

156 4130 303 4194 Tridenti
329 4128 488 4211 Concilio,
521 4139 557 4192 ut
588 4131 659 4214 ipse
683 4139 752 4190 tum
777 4128 886 4191 famae
918 4148 1007 4207 suae,
1039 4137 1110 4190 tum
1136 4126 1279 4190 Catholi-

156 4249 266 4291 corum
291 4231 347 4314 qui
373 4228 437 4292 sibi
462 4250 558 4313 opem
576 4228 619 4291 ad
636 4224 759 4291 bellum
772 4225 925 4306 tulerant,
951 4227 1114 4289 rationem
1131 4224 1283 4326 haberet,
