3034 4894
419 503 459 556 De
477 501 565 556 initiis
584 500 890 569 pseudoreformationis.
1205 501 1222 550 b

94 648 179 710 ratio
212 647 269 710 illa
293 646 460 732 aliquanto
491 628 755 730 liberiorsqua'e
790 667 833 708 ex
866 655 1052 742 temporum
1077 643 1392 746 rnoribus¹⁴⁰⁰¹¹l¹gs¹¹¹lffi

94 745 261 830 paulatim
287 747 386 808 etiam
410 746 445 807 in
470 746 562 806 curia
586 743 736 806 Romana
760 753 792 805 et
816 745 850 806 in
875 764 966 806 sacro
992 741 1221 806 Cardinalium
1328 735 1333 745 ’

92 841 237 926 collegio
263 843 351 928 apud
376 843 486 928 plures
511 843 707 906 invaluerat.
753 842 881 906 Eadem
913 843 1046 905 nonnisi
1078 840 1221 925 plurium

2 1019 3 1022 Ἴ
94 941 299 1004 Pontificum
316 951 571 1026 sanctorumque
586 943 731 1004 virorum
747 940 875 1004 nisibus
889 939 985 1023 paulo
998 949 1081 1023 post,
1107 961 1222 1002 severa

92 1039 262 1122 dignitate
286 1050 450 1120 revocata,
475 1039 648 1103 eliminata
673 1047 731 1102 est.

187 1139 219 1200 ἵ).
256 1137 307 1200 Ne
338 1148 447 1201 tamen
473 1137 649 1201 videamur
672 1138 802 1199 veritati
829 1135 907 1221 quid
933 1134 1101 1218 derogare,
1127 1157 1223 1220 quae·

92 1235 174 1297 dam
201 1235 257 1298 hic
273 1235 442 1299 afferenda
455 1246 541 1315 sunt,
568 1257 652 1320 quac
669 1235 791 1298 Leonis
808 1234 840 1298 X
866 1233 1044 1298 detrahunt
1056 1231 1222 1300 laudibus.

94 1333 185 1396 Eum
212 1335 319 1417 carpit
343 1333 572 1396 vehementius
596 1332 719 1396 Paulus
743 1333 889 1417 Sarpius,
919 1331 1007 1416 quod
1032 1333 1137 1414 pietas
1161 1332 1222 1416 ipsi

94 1430 288 1494 nullatenus
326 1431 424 1494 fuerit
459 1431 599 1512 cordi.¹)
652 1431 908 1494 Accusationem
944 1430 1030 1493 hanc
1065 1429 1224 1513 expendit

94 1529 335 1610 Pallavicinus,
362 1530 500 1614 ejusque
517 1530 726 1608 sententiam,
751 1530 812 1592 etsi
826 1528 908 1591 forte
926 1529 1070 1592 severior
1085 1529 1136 1608 sit,
1161 1526 1223 1590 hoc

92 1627 169 1691 loco
205 1629 307 1690 citare
339 1626 486 1713 juvabit.
543 1625 697 1710 Congrue
733 1628 841 1711 igitur,
881 1629 928 1690 uti
959 1626 1038 1711 jam·
1068 1625 1223 1705 vidimus,

95 1724 325 1788 Pallavicinus
339 1725 492 1804 advertit,
506 1727 540 1787 in
550 1727 678 1788 sincera
694 1725 794 1787 fuisse
812 1726 942 1787 virtutis
956 1723 1054 1786 laude
1067 1723 1224 1803 Leonem,

94 1844 202 1907 quum
228 1823 271 1886 ad
295 1823 524 1908 pontificatum
551 1823 725 1906 eligeretur
741 1832 772 1885 et
782 1822 896 1885 Patres
922 1845 978 1906 per
995 1844 1053 1884 sua
1068 1822 1224 1904 suffragia

93 1920 292 1984 evehendae
303 1923 416 1984 virtuti
428 1921 601 1987 studuisse.
627 1921 732 2004 ,Cum
742 1919 1094 1984 veroPontifexfactus
1106 1929 1163 1999 est,
1177 1920 1225 1981 in·

31 2064 34 2071 .
92 2020 179 2103 quit,
193 2019 360 2083 affirmare
368 2041 434 2083 non
444 2021 563 2099 ausim,
577 2029 702 2082 tantam
713 2020 747 2082 in
758 2040 796 2082 eo
806 2040 916 2081 euram
929 2018 1060 2102 pietatis
1069 2016 1221 2097 eluxisse,

96 2125 257 2200 quantam
272 2116 429 2181 celsitudo
446 2117 502 2181 illa
521 2117 757 2202 paene-divina
770 2115 967 2201 postulabat.
994 2167 1000 2180 .
1019 2164 1050 2179 ..
1076 2113 1223 2190 Constat,

96 2217 303 2296 venationes,
320 2216 467 2294 facetias,
487 2237 626 2300 pompas
641 2214 723 2278 adeo
739 2215 935 2300 frequentes,
952 2214 1054 2276 fuisse
1069 2215 1103 2276 in
1113 2213 1224 2276 Leone

97 2313 181 2375 vitia
198 2315 320 2396 partim
337 2313 470 2395 saeculi,
497 2315 616 2397 partim
634 2314 809 2397 potentiae,
827 2314 946 2398 partim
964 2313 1063 2374 etiam
1081 2312 1223 2395 ingenii3

96 2432 164 2472 non
189 2420 303 2473 tamen
327 2413 450 2495 exigua
473 2413 508 2474 in
534 2432 571 2474 eo
596 2413 682 2474 inter
705 2410 858 2474 mortales
880 2410 1022 2493 fastigio,
1055 2411 1108 2472 cui
1134 2408 1224 2472 nulla

98 2529 157 2591 par
186 2529 259 2571 esse
294 2519 402 2593 potest
444 2511 508 2572 nisi
550 2531 679 2572 summa
714 2509 880 2593 perfectio.
919 2545 961 2555 —
1001 2508 1076 2570 Non
1113 2516 1224 2570 tamen

97 2606 342 2689 praetereunda
367 2606 496 2671 silentio
515 2608 632 2690 ingens
648 2607 719 2692 ejus
735 2607 836 2670 decus
853 2616 885 2670 et
901 2607 1055 2691 majestas
1071 2607 1103 2669 iu
1122 2606 1223 2668 saeris

99 2701 327 2767 functionibus
358 2704 521 2769 obeundis
552 2727 651 2790 supra
682 2716 825 2768 caeteros
864 2715 962 2768 antea
994 2700 1223 2787 Pontifices,²)

106 2988 209 3052 excidio,
236 2988 306 3052 quod
326 3004 342 3041 a
363 2989 481 3042 barbaris
501 2989 681 3056 impendebat,
706 2990 789 3044 ltalia
808 3005 898 3057 sospes
917 2991 1012 3053 evasit,
1041 2989 1225 3055 incorruptam

104 3068 214 3122 retinuit
240 3069 381 3134 antiquam
406 3068 497 3131 fidem,
528 3075 610 3134 atque
635 3070 707 3123 inter
731 3070 856 3124 tenebras
885 3071 1086 3136 squaloremque
1111 3068 1225 3122 rudioris

99 3149 156 3201 aevi
185 3147 364 3202 scientiarum
388 3149 478 3202 lumen
497 3155 526 3201 et
544 3149 712 3216 splendorem
731 3151 831 3203 artium
851 3150 927 3212 aluit,
954 3150 1147 3218 vigentemque
1172 3165 1225 3202 ser·

98 3229 174 3282 ravit
189 3231 202 3257 “
245 3229 351 3295 Encycl.
373 3229 559 3282 lusorotobc'b'
578 3231 635 3283 Dei
654 3233 779 3295 coasilio,
799 3231 823 3286 d.
844 3232 868 3287 d.
888 3232 931 3286 21.
952 3229 1036 3297 April.
1057 3231 1134 3286 lars.

172 3321 192 3384 ¹)
213 3317 337 3370 Histoire
355 3317 391 3370 du
406 3317 514 3372 Concile
533 3319 566 3371 de
584 3319 686 3373 Trente
708 3319 735 3375 L.
750 3319 772 3376 I.
801 3319 933 3386 (traditite
952 3334 1002 3386 par
1020 3318 1126 3371 Amelot
1147 3318 1179 3370 de
1199 3317 1225 3370 la

98 3396 244 3450 Houssaie
265 3397 305 3453 ed.
325 3401 350 3452 3.
369 3413 394 3463 p.
413 3399 438 3453 4.
458 3399 630 3452 Amsterdam
650 3399 744 3455 1699.-

170 3476 195 3544 a)
215 3477 304 3544 Hujus
324 3491 406 3530 verae
424 3478 536 3544 pietatis
556 3495 572 3531 a
592 3479 689 3533 Paride
708 3479 786 3532 varia
804 3487 951 3533 narrentur
973 3477 1103 3547 exempla.
1141 3479 1172 3535 E.
1197 3493 1225 3546 g.

99 3557 246 3623 ,Vespera
266 3557 294 3609 in
314 3557 419 3624 Vigilia
439 3557 562 3624 Corporis
582 3559 691 3624 Christi,
711 3560 787 3625 Papa
806 3559 859 3612 fuit
878 3575 981 3626 semper
999 3559 1070 3612 nudo
1090 3560 1178 3626 eapite
1197 3560 1225 3612 in

98 3637 269 3701 processione
296 3641 408 3702 portans
436 3644 642 3695 sacramentum.
680 3639 717 3692 Et
744 3640 794 3692 hoc
821 3639 887 3693 fecit
916 3655 949 3693 ex
980 3640 1130 3701 devotione,
1162 3639 1226 3693 licet

98 3715 201 3783 majore
228 3732 287 3770 eum
311 3716 455 3782 maiestate
479 3717 577 3771 fuisset
602 3735 662 3772 cum
686 3719 794 3776 mitra.“
832 3721 906 3776 Diar.
926 3720 1032 3773 Paridis
1057 3720 1090 3772 de
1109 3719 1225 3787 Grassis,

99 3811 140 3862 ap.
155 3796 268 3858 Roscoe,
289 3796 340 3849 Vie
359 3796 392 3849 de
411 3797 484 3850 Leon
504 3799 536 3858 X,
556 3799 585 3853 T.
599 3799 648 3854 ΙΙΙ,
669 3815 689 3855 c.
709 3801 752 3854 24.
767 3829 800 3838 -
816 3799 898 3865 ,Inde
923 3800 956 3852 ad
976 3799 1064 3852 aulam
1083 3814 1222 3852 ascensum

99 3881 140 3928 est
159 3891 208 3941 pro
228 3875 330 3929 lotione
349 3877 445 3943 pedum
471 3894 626 3945 pauperum,
656 3894 724 3944 quae
749 3879 824 3932 facta
843 3886 885 3932 est
904 3880 938 3932 ad
957 3894 1076 3940 uneuem
1096 3885 1177 3945 prout
1195 3879 1224 3932 in

99 3970 156 4008 meo
176 3956 320 4021 ordinario,
340 3957 393 4008 nisi
413 3959 482 4022 quod
496 3959 570 4026 Papa
589 3976 642 4013 non
655 3959 744 4012 voluit
762 3974 824 4012 suos
843 3959 945 4027 digitos
965 3959 1074 4026 pollices
1093 3960 1121 4012 in
1137 3959 1223 4012 forma

98 4036 184 4088 crucis
202 4052 284 4102 super
297 4036 408 4103 pedibus
427 4053 575 4104 pauperum
594 4041 695 4105 positos
714 4040 838 4104 osculari,
858 4045 890 4092 nt
903 4040 951 4092 alii
970 4039 1116 4092 Pontifices
1135 4038 1224 4091 facere

98 4121 302 4177 consueverant,
330 4119 491 4183 praesertim
509 4119 598 4172 Julius
617 4119 653 4184 Il,
682 4119 728 4172 sed
753 4118 824 4185 ipsos
844 4119 924 4187 pedes
943 4125 1018 4174 totus
1044 4118 1224 4182 osculabatur,

100 4193 198 4328 (licellls’
224 4196 293 4328 quod
318 4196 386 4250 illud
405 4199 562 4264 mysterium
588 4215 641 4253 non
660 4198 722 4252 ficte
741 4199 800 4254 fieri
819 4200 925 4254 debet.“
963 4200 1031 4255 Ibid.
1052 4215 1094 4266 ap.
1115 4199 1224 4264 Roscoe,

99 4275 130 4330 '.
183 4292 230 4332 ,e
255 4284 295 4331 l.
