3336 4908
524 472 565 526 De
585 471 658 525 Pace
678 471 862 526 Clementiae.
1202 466 1254 520 265

149 623 278 676 nostram
325 613 414 700 quod
460 623 600 700 spectat,
648 616 682 678 in
721 614 921 679 declaranda
968 610 1164 677 orthodoxia
1201 610 1255 674 vel

148 709 350 775 heterodoxia
387 721 499 775 textus
535 711 673 776 humani
710 713 862 778 Ecclesia
899 711 1023 797 duplex
1062 711 1255 794 pronuntiat

142 807 307 892 judicium,
336 807 476 874 alterum
500 808 686 892 absolutam,
718 809 905 897 cujusmodi
930 819 995 872 est:
1027 808 1178 872 doctrina
1210 808 1256 872 af·

147 904 279 988 firmans,
303 908 429 991 gratiae
446 907 593 971 interiori
618 910 651 971 in
677 917 764 972 statu
788 918 927 972 naturae
949 906 1063 992 lapsae
1084 927 1255 991 nunquam

145 1005 249 1085 resisti,
288 1004 491 1068 heterodoxo
527 1014 592 1078 est;
632 1015 665 1069 et
698 1005 838 1070 alterum
862 1005 1040 1087 relativum,
1079 1003 1255 1068 videlicet:

146 1099 284 1165 doctrina
308 1102 512 1166 heterodoxo
530 1125 616 1188 quae
632 1103 786 1183 affirmat,
810 1105 937 1187 gratiae
954 1103 1099 1166 interiori
1118 1104 1152 1167 in
1170 1111 1256 1165 statu

145 1209 273 1263 naturae
304 1199 416 1285 lapsae
458 1223 630 1286 nunquam
668 1203 794 1283 resisti,
831 1203 866 1264 in
896 1200 1073 1285 Augustino
1105 1200 1257 1266 Jansenii

144 1297 436 1382 comprehenditur.
483 1299 632 1364 Primum
656 1300 823 1385 judicium
848 1299 1022 1364 infallibile
1056 1309 1105 1363 est
1128 1310 1160 1362 et
1183 1320 1257 1362 eon-

143 1395 240 1458 stituit
263 1395 456 1460 immediate
479 1396 645 1482 objectum
663 1398 741 1462 fidei
760 1398 912 1479 divinae;
937 1397 1077 1461 alterum
1089 1397 1257 1483 judicium

143 1495 257 1576 pariter
280 1492 458 1558 infallibile
481 1505 531 1558 est
554 1505 586 1558 et
610 1497 782 1561 constituit
805 1495 973 1582 objectum
998 1517 1150 1559 assensus
1165 1494 1257 1559 infal-

142 1588 242 1674 libilis,
275 1590 354 1654 fidei
380 1591 632 1672 ecclesiasticae,
665 1593 744 1658 fidei
769 1593 904 1658 divinae
929 1593 1103 1658 mediatae.
1128 1631 1171 1640 -
1196 1593 1258 1656 His

143 1691 303 1773 expositis,
329 1691 498 1772 negotium
523 1691 563 1754 de
588 1713 651 1776 quo
676 1693 806 1776 agimus
831 1713 1078 1776 prosequamur.

221 1786 274 1852 55.
298 1786 493 1851 Alexander
509 1789 573 1852 VII
599 1790 677 1853 dum
703 1799 856 1873 ageretur
881 1790 921 1853 de
939 1810 1092 1874 processu
1116 1797 1258 1874 quatuor
1266 1781 1427 1892 tfflpffsso

142 1885 364 1969 episcoporum
390 1887 593 1950 instituendo
618 1887 701 1951 obiit
725 1887 779 1951 die
802 1888 863 1951 22⁰
879 1887 960 1950 Maii
985 1909 1014 1951 a.
1042 1886 1136 1967 1667,
1162 1888 1258 1971 eique
1303 1914 1391 1953 rorum·

142 1984 293 2046 successit
313 1979 452 2046 Clemens
467 1984 517 2046 IX
537 1985 757 2066 Pistoriensis‚
784 1983 971 2048 Cardinalis
994 1994 1092 2047 antea
1116 1983 1258 2069 appella·

143 2087 188 2140 tus
204 2078 317 2144 Julius
332 2079 541 2166 Respigliosi.
588 2083 621 2146 Is
643 2083 907 2168 praedecessoris
931 2084 1081 2164 vestigiis
1105 2084 1259 2146 insistens

143 2179 309 2263 episcopos
333 2179 443 2264 injus
468 2201 588 2243 vocare
621 2180 780 2258 decrevit,
811 2181 899 2244 facta
923 2203 996 2244 eam
1022 2181 1056 2243 in
1080 2202 1150 2242 rem
1175 2179 1259 2244 dele·

141 2277 218 2357 gatis
242 2278 408 2361 episcopis
431 2277 636 2360 amplissima
666 2286 837 2363 potestate.
884 2277 948 2344 Sed
985 2280 1153 2361 negotium
1178 2277 1259 2341 illud

144 2373 173 2434 in
195 2373 264 2438 dies
289 2376 396 2458 magis
421 2374 638 2460 implicatum,
672 2375 845 2439 molestum
879 2385 911 2439 et
935 2374 1070 2440 difficile
1093 2375 1259 2439 redditum

144 2480 192 2533 est.
232 2470 418 2535 Gallicanis
443 2474 530 2535 enim
557 2474 720 2558 episcopis
744 2475 927 2537 universim
943 2483 1075 2557 gratum
1099 2496 1164 2537 non
1180 2485 1259 2558 erat,

143 2569 221 2651 quod
246 2580 391 2655 quatuor
413 2591 456 2633 ex
471 2572 552 2654 ipsis
568 2572 602 2633 in
617 2571 671 2655 jus
688 2580 897 2652 vocarentur,
917 2571 1105 2656 judiciique
1120 2571 1259 2636 formam

143 2666 321 2752 privilegiis
352 2670 420 2732 suis
449 2670 653 2753 (suppositis)
688 2671 950 2732 consentientem
984 2691 1051 2732 non
1080 2691 1150 2733 esse
1174 2691 1260 2733 mur·

143 2766 330 2830 inurebant:
356 2767 499 2830 ministri
523 2787 601 2829 vero
626 2768 713 2850 regis
737 2769 862 2852 pariter
885 2765 927 2831 ob
951 2766 1100 2831 favorem
1124 2769 1158 2831 in
1183 2790 1262 2831 non·

143 2861 241 2927 nullos
275 2863 486 2928 Jansenistas
517 2863 645 2928 occulte
685 2867 738 2928 isti
773 2887 892 2928 causae
925 2865 1075 2949 agendae
1108 2867 1261 2950 oppositi,

141 2972 232 3046 atque
257 2963 301 3027 ob
326 2963 467 3026 formam
492 2963 652 3026 Brevinm
676 2964 830 3027 Pontifici
861 2962 989 3027 molesti
1021 2972 1124 3028 erant.
1171 2964 1262 3027 Dum

144 3058 239 3140 igitur
262 3062 434 3144 negotium
454 3059 718 3146 protrahebatur,
743 3062 890 3146 episcopi
905 3060 1137 3124 novemdecim
1154 3070 1263 3145 partes

141 3155 268 3222 illorum
294 3169 438 3243 quatuor
460 3160 674 3223 renitentium
700 3167 926 3243 susceperunt,
951 3167 984 3222 et
1007 3157 1050 3221 ad
1066 3158 1262 3222 Pontificem

143 3275 177 3316 ac
199 3278 312 3340 regem
339 3255 494 3340 epistolas
511 3257 544 3319 in
560 3256 710 3321 favorem
727 3256 857 3320 illorum
876 3255 1048 3319 dederunt.
1089 3256 1264 3319 Praeterea

143 3371 214 3416 vero
232 3363 376 3440 quatuor
391 3353 438 3417 illi
463 3356 609 3439 episcopi
634 3355 838 3438 scripserunt
861 3353 1033 3439 epistolam
1057 3352 1271 3436 encyclicam

143 3450 180 3512 ad
193 3462 341 3516 caeteros
354 3451 538 3516 Galliarum
556 3453 737 3536 episcopos,
760 3473 856 3537 opem
873 3473 912 3514 ac
930 3451 1133 3536 praesidium
1150 3473 1264 3514 eorum

145 3547 363 3632 implorantes.

225 3647 279 3712 56.
325 3647 474 3730 Epistola
506 3647 715 3710 novemdecim
746 3647 962 3732 episcoporum
992 3645 1034 3708 ad
1067 3645 1264 3709 Pontificem

146 3746 218 3807 satis
241 3745 401 3827 ambigua
425 3755 511 3825 erat3
537 3746 691 3830 quamvis
708 3746 796 3807 enim
815 3744 931 3808 desua
948 3745 1163 3807 veneratione
1187 3764 1265 3827 erga

146 3838 258 3906 Sedern
269 3842 496 3928 Apostolicam
506 3852 766 3927 protestarentur
780 3853 811 3906 et
824 3842 865 3905 de
878 3842 1042 3905 reverenti
1054 3842 1265 3925 susceptione

147 3947 175 4000 et
195 3939 420 4024 publicatione
439 3939 721 4004 Constitutionum
746 3941 827 4025 ejus,
852 3949 963 4004 tamen
985 3938 1079 4024 plura
1104 3960 1264 4024 propone-

146 4033 230 4120 bant,
262 4037 384 4123 quibus
416 4040 589 4123 opiniones
620 4048 764 4123 quatuor
792 4037 923 4102 illorum
954 4038 1184 4122 episcoporum
1210 4035 1263 4099 de·

147 4132 274 4200 fendere
298 4136 500 4203 nitebantur.
541 4135 782 4216 Advertebant,
808 4135 850 4199 ab
867 4135 1018 4200 Ecclesia
1042 4157 1108 4199 non
1133 4133 1264 4198 definiri

149 4234 339 4298 certitudine
371 4233 538 4298 infallibili
563 4234 651 4298 faeta
675 4256 695 4297 a
719 4233 791 4296 Deo
816 4256 882 4296 non
907 4232 1063 4314 revelata,
1100 4241 1132 4295 et
1156 4231 1265 4316 quoad
