2964 4912
319 447 373 504 384
510 446 596 502 XLII.
636 447 674 502 De
693 451 769 502 statu
787 447 924 502 Ecclesiae
941 463 1010 502 saec.
1029 448 1131 502 decimo
1150 455 1254 506 octavo.

320 591 442 656 exinde
473 592 580 674 magis
610 592 782 676 magisque
806 593 840 654 in
865 590 1048 656 Germania
1071 601 1170 657 aucta
1194 603 1243 657 est
1272 592 1422 678 usquead

319 699 469 774 tempora
499 697 628 771 nostra,
663 687 876 773 Imperatoris
900 697 1044 774 potestas
1068 691 1183 772 vigore
1214 698 1247 753 et
1270 689 1423 774 splendore

319 785 417 851 valde
447 787 606 852 decrevit.
653 787 721 871 Ipsi
754 797 865 850 autem
898 785 1117 872 Imperatores
1148 810 1192 852 ex
1220 787 1345 852 familia
1372 788 1423 851 Au·

319 887 450 967 striaca,
468 886 622 970 quamvis
637 884 787 970 plerique
804 886 867 948 viri
885 887 931 969 pii
949 896 1067 964 essent,
1079 886 1152 971 jam
1168 895 1337 950 cessarunt
1349 893 1425 948 tanto
1471 967 1472 972 ἵ

318 983 465 1064 fervore,
490 983 538 1045 uti
563 981 797 1046 Ferdinandus
819 982 854 1046 II
877 983 1016 1064 fecerat,
1041 982 1315 1048 Catholicismum
1338 993 1425 1069 prote·

319 1103 406 1165 gere,
431 1079 488 1144 sed
512 1078 555 1143 ad
579 1081 832 1144 sustentandum
856 1102 995 1163 regnum
1011 1103 1107 1144 suum
1131 1084 1256 1166 passim
1274 1081 1426 1168 politicam

318 1177 514 1243 utilitatium
538 1176 708 1242 Gallorum
746 1180 849 1242 secuti
879 1187 972 1261 sunt,
1009 1188 1042 1242 et
1075 1181 1221 1243 maxime
1256 1179 1428 1243 foederibus

320 1299 393 1342 cum
429 1276 548 1360 Anglis
581 1285 614 1339 et
647 1276 785 1340 Batavis
818 1299 869 1340 res
902 1299 978 1340 suas
1018 1276 1197 1341 defendere
1235 1276 1426 1341 studuerunt.

318 1375 484 1459 Hispania
514 1395 646 1459 quoque
677 1395 715 1437 eo
739 1383 886 1460 tempore
921 1375 1062 1438 multum
1086 1377 1243 1461 antiquae
1274 1377 1428 1460 potestatis
1472 1423 1473 1470 ,

319 1475 446 1554 amisit3
472 1471 583 1536 Gallia
599 1493 677 1536 vero
702 1473 1038 1557 praeponderantiam
1057 1473 1218 1559 paulatim
1241 1474 1330 1536 inter
1343 1493 1428 1555 regna

319 1569 483 1636 catholica
507 1568 668 1650 obtinuit,
701 1572 782 1654 quin
806 1579 919 1634 tamen
942 1570 1021 1634 iude
1046 1570 1227 1636 Catholicis
1251 1580 1347 1634 extra
1369 1569 1429 1634 Gal·

318 1668 397 1733 liam
430 1668 556 1732 fructus
590 1667 749 1732 salutares
782 1670 1006 1753 provenirent.
1059 1667 1115 1733 Sic
1147 1691 1264 1733 versus
1297 1668 1428 1732 medium

320 1766 488 1831 saeculum
514 1765 679 1830 decimum
697 1768 875 1852 septimum
899 1776 1002 1830 status
1015 1789 1125 1832 rerum
1142 1769 1177 1831 in
1195 1769 1332 1853 Europa
1348 1765 1430 1830 valdo

319 1873 466 1929 mutatus
490 1874 548 1928 est.

149 1969 237 2010 Urbffl
256 1969 310 2008 vrn
411 1961 461 2025 10.
508 1962 587 2026 Post
621 1971 759 2028 mortem
795 1961 925 2028 Urbani
955 1964 1039 2028 VIII
1074 1963 1246 2028 tendentia
1281 1961 1430 2049 quaedam

150 2041 300 2071 mmm
319 2061 444 2124 Romae
468 2061 555 2123 inter
579 2059 773 2125 Cardinales
798 2060 914 2126 oborta
937 2073 1000 2144 cst,
1030 2071 1075 2135 uti
1090 2062 1245 2126 Pontifex
1271 2060 1431 2144 eligeretur

319 2156 489 2222 Gallorum
513 2158 664 2242 partibus
688 2180 754 2223 non
778 2158 876 2243 plane
901 2159 1059 2241 devotus,
1092 2167 1191 2244 atque
1223 2160 1272 2222 sic
1297 2161 1430 2222 Innoecc·
1473 2191 1474 2196 κ

320 2259 382 2320 tina
397 2257 431 2320 X
450 2254 605 2319 Pontifex
629 2265 758 2320 creatus
782 2256 855 2337 fuit,
881 2260 1034 2342 quamvis
1057 2258 1157 2321 factio
1182 2255 1316 2321 Gallica
1340 2255 1429 2318 eidem

319 2354 471 2439 eligendo
505 2375 539 2416 se
581 2356 794 2439 opposuisset.
844 2355 930 2418 Tum
965 2357 1034 2440 ipse
1067 2364 1138 2419 tum
1172 2356 1243 2441 ejus
1279 2373 1432 2418 successor

319 2452 506 2516 Aicoeundcc·
535 2451 601 2515 VII
625 2451 813 2516 tendentias
837 2452 1022 2538 Hispaniae
1054 2462 1087 2516 et
1110 2452 1268 2517 Austriae
1296 2453 1433 2515 faventes

320 2549 552 2636 sequebantur,
577 2571 614 2614 eo
639 2549 693 2613 vel
710 2551 825 2635 magis,
852 2551 940 2636 quod
957 2551 1259 2636 praeponderantia
1275 2549 1431 2615 Gallorum

319 2646 506 2734 periculosa
539 2657 731 2732 appareret3
767 2657 867 2732 atque
903 2647 938 2712 hi
970 2648 1147 2722 Pontifices
1171 2646 1346 2712 Gallorum
1376 2645 1430 2727 regi

319 2769 359 2811 ac
382 2745 558 2830 gubernio,
583 2746 761 2831 praecipue
785 2746 974 2810 Mazzarino
1000 2746 1189 2828 Cardinali,
1225 2747 1340 2808 minus
1362 2742 1430 2827 grati

320 2852 423 2910 erant.
478 2843 567 2906 Hinc
608 2841 740 2907 facilius
775 2845 876 2906 etiam
912 2844 1095 2908 simultates
1133 2853 1165 2908 et
1200 2841 1430 2907 controversiae

320 2951 410 3006 ortae
443 2949 535 3022 sunt,
572 2949 604 3004 et
636 2963 695 3025 per
728 2941 918 3025 superbiam
951 2942 1118 3006 Ludovici
1143 2941 1232 3005 XIV
1267 2941 1431 3004 auctoritas

320 3039 492 3127 pontificia
515 3060 604 3102 nova
620 3038 723 3102 subiit
739 3038 948 3104 detrimenta.
992 3038 1137 3105 Clemens
1151 3041 1203 3104 IX
1223 3049 1297 3104 erat
1313 3036 1429 3124 quidem

320 3136 425 3203 Gallis
449 3145 622 3221 acceptus,
656 3137 713 3201 sed
738 3137 809 3221 ejus
832 3137 1045 3222 pontificatus
1074 3137 1186 3202 brevis
1208 3137 1291 3218 fuit,
1327 3145 1359 3198 et
1379 3153 1431 3218 pax

320 3239 355 3301 in
379 3237 511 3318 negotio
528 3235 795 3299 Jansenistarum
821 3234 977 3299 conclusa
1000 3234 1042 3298 ob
1067 3234 1200 3299 fraudes
1223 3232 1358 3298 illorum
1379 3251 1430 3293 sec·

320 3336 477 3400 tariorum
495 3355 553 3418 pro
570 3339 766 3397 auctoritate
785 3332 956 3417 pontificia
973 3332 1091 3398 habuit
1107 3355 1166 3397 sua
1182 3331 1343 3417 pericula.
1379 3326 1430 3391 Cle·

319 3453 405 3496 cnons
428 3432 462 3495 X
489 3441 522 3494 et
544 3432 746 3494 Innocentius
769 3431 822 3494 XI
847 3433 967 3494 iterum
992 3432 1103 3516 potius
1126 3429 1285 3494 Austriae
1319 3439 1349 3492 et
1371 3426 1430 3490 His-

320 3531 440 3615 paniae
474 3528 625 3614 partibus
660 3528 809 3592 favorem
844 3530 1098 3613 praestiterunt3
1138 3527 1335 3592 Ludovicus
1358 3521 1429 3588 XIV

320 3649 416 3709 vero,
447 3628 496 3690 uti
520 3629 584 3712 ipsi
615 3626 697 3689 haec
720 3625 982 3711 independentia
1005 3626 1206 3690 Pontificum
1237 3621 1427 3711 displicebat,

320 3729 366 3790 ita
389 3725 564 3789 arbitrario
589 3723 686 3787 modo
711 3725 745 3786 in
770 3723 879 3788 Gallia
898 3725 976 3810 jura
990 3724 1163 3788 Ecclesiae
1188 3721 1347 3787 violabat.
1380 3718 1428 3781 Ea·

320 3823 397 3887 dem
430 3822 596 3904 defendit,
632 3824 680 3887 uti
709 3822 873 3903 vidimus,
911 3845 987 3886 cum
1011 3824 1126 3906 vigore
1159 3820 1327 3906 intrepido
1349 3819 1427 3882 Inno-

320 3923 449 3986 centius
477 3920 547 4003 XI,
581 3922 733 4006 regisque
765 3922 986 3986 temeritatem
1018 3920 1127 4004 fregit.
1177 3918 1341 3999 Quamvis
1369 3912 1427 3977 Alo·

320 4019 448 4084 ccnndcr
476 4019 559 4082 VIII
581 4017 686 4083 Gallis
718 4027 831 4102 gratus
864 4028 948 4083 esset
982 4027 1014 4082 et
1046 4018 1315 4082 conciliationem
1346 4007 1426 4075 valde

321 4115 541 4199 desideraret,
578 4118 773 4201 dignitatem
802 4127 914 4182 tamen
938 4117 1144 4203 pontificiam
1179 4124 1311 4180 strenue
1341 4112 1427 4175 tuitus

321 4223 387 4295 est,
417 4224 449 4277 et
473 4236 585 4279 sacrae
609 4215 704 4280 Sedis
723 4215 801 4300 jura
825 4225 939 4280 contra
963 4213 1233 4279 Declarationem
1259 4211 1343 4276 Cleri
1365 4203 1425 4273 Gal·
