3020 4908
414 487 455 540 De
473 485 626 540 Massonum
644 484 827 540 societatibus.
1134 489 1189 542 415

78 633 208 713 deismi,
242 631 526 710 indifferentismi,
560 629 776 693 rationalismi
809 650 848 692 ac
872 629 1079 696 naturalismi
1104 630 1367 694 insti-⁰⁹1⁰“fi0111

78 731 197 794 stitutio
219 739 251 792 et
272 730 444 814 promotio,
469 728 618 813 adeoque
632 726 801 812 religionis
817 728 1085 812 supernaturalia,
1104 727 1195 793 Ohri·

75 829 230 893 stianismi
261 850 300 891 ac
324 828 469 890 maxime
502 823 728 889 Catholicismi
754 835 786 888 et
809 824 978 888 Ecclesiae
1003 825 1195 910 eliminatio,

76 949 185 990 revera
215 926 292 990 inde
323 924 365 989 ab
390 926 484 987 initio
519 923 651 988 illarum
676 925 870 986 societatum
902 933 973 986 erat
1002 924 1196 990 fundamen·

76 1034 150 1107 tum,
174 1027 315 1090 essentia
339 1032 371 1086 et
394 1023 479 1086 finis.
532 1023 598 1084 Iste
623 1022 768 1085 deismus
791 1043 830 1084 ac
855 1019 1090 1087 naturalismus
1113 1024 1196 1109 ejus·

74 1145 134 1208 que
157 1124 318 1208 promotio
339 1121 471 1184 videtur
494 1121 599 1184 fuisse
623 1119 704 1183 illud
729 1141 898 1200 arcanum,
925 1120 1013 1204 quod
1037 1123 1105 1185 suis
1128 1123 1196 1186 riti·

75 1221 133 1285 bus
156 1231 187 1285 et
210 1219 371 1306 symbolis
387 1219 703 1283 Francomuratores
728 1216 947 1285 ostentabant.
990 1219 1086 1283 Certe
1107 1242 1196 1284 vana

73 1319 202 1403 quidem
222 1319 396 1403 jactantia,
426 1326 457 1380 et
482 1325 609 1380 retento
626 1314 840 1399 symbolismo
865 1318 1076 1402 antiquorum
1094 1318 1196 1382 medii

74 1417 143 1479 aevi
176 1415 407 1500 collegiorum,
447 1413 550 1478 multa
587 1412 774 1495 faciebant,
811 1413 1017 1480 solemnitate
1051 1417 1195 1502 quadarn

75 1515 161 1578 inani
192 1537 232 1578 ao
255 1514 410 1598 turgida3
447 1512 505 1577 sed
537 1534 653 1597 reapse
683 1511 875 1576 tendentiae
898 1512 974 1576 illae
1004 1523 1116 1599 aperte
1140 1538 1196 1579 an·

75 1614 215 1676 nuntiari
239 1633 306 1676 non
330 1621 491 1698 poterant,
517 1613 646 1675 cautius
669 1612 801 1675 arctiori
820 1610 1042 1677 membrorum
1056 1635 1194 1678 numero

74 1711 333 1776 reservabantur.
381 1710 498 1773 Plures
522 1711 622 1773 etiam
647 1709 796 1772 formulis
813 1710 908 1793 vagis
932 1709 1194 1796 decipiebantur,

75 1808 173 1872 itaut
199 1808 391 1890 crederent,
421 1810 491 1872 sine
515 1807 719 1893 praejudicio
743 1805 912 1890 religionis
937 1807 1137 1873 christianae
1161 1832 1195 1874 se

74 1904 132 1969 illis
156 1907 380 1971 conventibus
398 1907 515 1970 sociari
538 1927 642 1991 posse.
682 1903 908 1968 Recolendum
925 1915 983 1988 est,
1008 1907 1098 1992 apud
1115 1910 1195 1971 Pro·

73 2012 242 2090 testantes,
277 2006 339 2069 etsi
362 2004 557 2086 religionem
582 2003 796 2068 christianam
822 2025 888 2067 non
913 2006 1045 2088 penitus
1074 2005 1194 2092 abjice-

72 2111 148 2184 rent,
162 2103 429 2167 rationalismum
444 2110 551 2164 aetate
568 2101 624 2165 illa
637 2101 829 2184 invaluisse,
848 2123 952 2186 eoque
963 2104 1062 2166 etiarn
1074 2103 1193 2167 multos

75 2197 257 2266 Catholicos
272 2201 411 2265 infectos
427 2200 538 2280 fuisse,
557 2201 604 2262 ita
619 2208 655 2262 ut
670 2197 775 2263 solida
791 2221 830 2263 ac
845 2221 923 2263 vera
939 2199 1017 2263 fidei
1028 2203 1194 2287 principia

73 2296 334 2364 obscurarentur.
362 2335 399 2346 -
428 2296 509 2360 Tres
533 2297 656 2380 gradus
680 2296 723 2360 ab
747 2297 842 2360 initio
867 2300 1037 2362 constituti
1060 2300 1194 2364 fuerunt

71 2417 89 2457 a
114 2395 325 2461 Massonibus
356 2396 399 2460 ad
435 2394 606 2480 exemplar
638 2396 851 2479 antiquorum
885 2399 1192 2482 caementariorum,

72 2497 318 2578 magistrorum,
343 2494 506 2558 sociorum
531 2504 563 2556 et
588 2493 839 2578 discipulorum.
886 2494 1073 2560 Tendentia
1096 2519 1192 2582 porro

72 2589 122 2655 illa
155 2603 187 2657 et
211 2592 340 2657 indoles
371 2592 485 2656 nativa
510 2600 736 2654 conventuum
761 2595 1021 2656 massonicorum
1052 2594 1194 2660 decursu

71 2693 240 2776 temporis,
281 2712 339 2775 pro
370 2692 543 2773 regionum
579 2698 612 2752 et
642 2690 968 2754 circumstantiarum
1002 2696 1192 2778 opportuni·

71 2795 149 2868 tate,
182 2790 285 2874 magis
316 2788 457 2852 coolatcc
488 2788 638 2867 fuerunt,
673 2796 705 2850 et
736 2789 894 2873 oppositio
935 2799 1049 2853 contra
1079 2791 1192 2855 Eccle-

71 2886 148 2948 siam
172 2887 381 2950 ocbcmcotior
405 2897 434 2949 et
458 2887 601 2970 opertior
623 2885 712 2948 facta
736 2895 793 2950 est.
843 2886 954 2966 Quum
980 2911 1057 2952 vero
1081 2899 1191 2954 nostro

71 2991 213 3068 tempore
238 3005 305 3048 non
330 2984 448 3065 desint,
474 2985 531 3068 qui
555 2983 598 3047 ad
622 2982 829 3048 honestatem
844 2985 1029 3049 naturalem
1053 2989 1191 3071 agnitio-

71 3102 143 3144 nem
166 3082 366 3146 Divinitatis
389 3102 456 3144 non
480 3083 667 3166 requirant,
694 3081 751 3144 sed
774 3082 994 3166 pantheismo,
1019 3085 1190 3168 atheismo,

71 3181 293 3262 positivismo,
319 3179 554 3243 materialismo
580 3178 705 3242 addicti
730 3181 805 3258 sint,
831 3180 942 3263 vides,
968 3183 1131 3266 quomodo
1156 3184 1191 3248 hi

71 3286 307 3362 consequenter
330 3277 450 3340 nostris
474 3276 593 3341 diebus
616 3277 867 3362 postulaverint,
892 3287 929 3341 ut
945 3279 1134 3344 eliminetur
1150 3303 1192 3344 ex

72 3375 329 3457 professionibus
346 3376 681 3438 Francomuratorum
706 3377 864 3461 professio
896 3378 1092 3442 existentiae
1116 3380 1191 3444 Dei.

156 3472 209 3539 50.
258 3472 439 3538 Societates
472 3471 548 3536 illae
582 3495 703 3557 magna
737 3496 813 3537 cum
846 3472 1013 3539 celeritate
1053 3485 1123 3540 tum
1156 3478 1191 3541 in

71 3566 191 3653 Anglia
215 3580 284 3633 tum
310 3572 344 3634 in
369 3568 443 3633 aliis
466 3571 578 3655 regnis
602 3582 803 3656 propagatae
828 3582 912 3638 sunt.
960 3573 1092 3638 Primus
1116 3597 1191 3639 con·

71 3677 188 3732 ventus
212 3676 306 3731 extra
329 3667 488 3751 Angliam
512 3669 683 3733 Montibus
707 3671 742 3733 in
757 3669 871 3755 Belgio
896 3694 983 3735 anno
1010 3673 1093 3736 1721
1119 3673 1190 3737 fun·

71 3761 165 3829 datus
198 3776 262 3847 est3
298 3788 385 3830 anno
412 3765 497 3830 1725
525 3767 679 3848 Parisiis,
716 3777 748 3830 et
781 3767 994 3854 sequentibus
1026 3772 1123 3834 annis
1155 3773 1190 3836 in

71 3859 220 3942 Batavis,
245 3861 374 3945 Suesia,
392 3862 514 3945 Scotia,
532 3864 679 3947 Polonia,
702 3865 868 3947 Helvetia,
886 3866 1076 3948 Germania,
1093 3868 1190 3934 Amc-

72 3959 138 4022 rica
171 3963 343 4027 societates
376 3960 538 4048 ejusmodi
572 3964 770 4026 constitutae
802 3973 888 4029 sunt.
943 3965 1133 4030 Fridericus
1157 3966 1190 4031 ll

71 4054 244 4122 Borussiae
275 4081 335 4122 rex
358 4082 437 4124 mox
467 4058 532 4123 illis
556 4060 770 4124 societatibus
794 4083 914 4126 nornen
947 4063 1039 4127 dedit
1070 4086 1190 4151 easque

72 4158 251 4237 promovit,
289 4156 345 4220 sed
384 4160 484 4222 etiam
518 4158 716 4222 Franciscus
749 4160 766 4222 I
803 4162 838 4223 iu
871 4160 1006 4224 Austria
1042 4161 1190 4226 favorem

73 4250 151 4336 ipsis
174 4254 347 4341 impendit.
393 4255 480 4320 Nam
504 4265 541 4320 ut
565 4255 634 4320 dux
650 4255 887 4343 Lotharingiae
906 4259 978 4343 jam
1000 4261 1188 4325 ann01731

1220 695 1356 735 Ecclesiam.

1366 1267 1387 1298 ὀ
