3288 4900
457 413 509 466 102
772 411 930 468 XXXVIII.
950 411 990 464 De
1009 410 1128 465 Concilio
1147 411 1314 465 Tridentino.

455 556 554 620 modo
580 555 670 641 apud
687 554 828 619 Paulum
854 556 985 635 institit,
1011 565 1047 618 ut
1062 554 1206 619 reditum
1225 554 1367 619 Consilii
1393 577 1454 619 sua
1476 566 1576 618 aucto·

454 655 552 717 ritate
576 653 777 718 decerneret.
813 652 864 717 Ne
888 662 1000 717 tamen
1024 655 1106 717 ratio
1131 654 1203 738 ejus
1227 652 1348 738 agendi
1372 652 1576 718 schismatica

456 750 636 833 videretur,
672 773 731 836 per
760 750 916 815 Oratores
951 773 1026 815 suos
1060 752 1149 837 apud
1182 750 1375 815 Pontificem
1404 751 1573 836 juridicam

457 851 622 913 actionem
653 850 729 914 iniit
761 859 875 912 contra
900 847 1042 912 Consilii
1071 849 1254 934 praesides,
1291 849 1380 934 quod
1415 848 1575 932 illegitime

457 947 631 1032 Synodum
655 947 842 1011 Bononiam
866 947 1104 1012 transtulerint.

307 1053 427 1094 &⁸⁸¹⁰”0S
546 1047 598 1111 53.
628 1047 800 1111 Bononiae
825 1047 957 1109 interim
983 1054 1105 1110 statuto
1131 1047 1184 1110 dic
1209 1046 1270 1110 21⁰
1294 1043 1420 1129 Aprilis
1444 1067 1473 1108 a.
1500 1045 1572 1106 1541

283 1115 572 1216 compagem-habita
603 1153 651 1208 est
684 1146 780 1209 sessio
812 1168 899 1209 nona
923 1143 1074 1228 Consilii,
1112 1147 1165 1208 oui
1200 1143 1423 1208 interfuerunt
1458 1152 1575 1227 praeter

455 1243 582 1325 legatos
606 1264 665 1306 sex
689 1241 942 1328 archiepiscopi,
968 1244 1141 1327 viginti-et
1164 1252 1236 1307 octo
1261 1243 1420 1327 episcopi,
1447 1250 1574 1326 quatuor

455 1340 718 1404 mendicantium
754 1340 920 1405 Ordinum
946 1340 1122 1405 Praesides
1158 1348 1191 1404 et
1226 1340 1341 1403 Abbas
1367 1338 1570 1403 Cassinensis.

457 1438 616 1503 Definitio
648 1448 760 1502 tamen
785 1450 817 1502 et
840 1439 1061 1524 promulgatio
1095 1460 1261 1503 canonum
1295 1437 1335 1501 de
1361 1435 1573 1501 Sacramentis

454 1546 630 1622 prorogata
654 1537 727 1616 fuit,
753 1537 909 1622 idemque
933 1537 1058 1600 factum
1083 1546 1131 1600 est
1155 1538 1189 1600 in
1213 1538 1351 1599 sessione
1367 1535 1490 1599 decima
1506 1533 1571 1597 celo·

377 1676 383 1694 .
458 1634 551 1699 brata
580 1635 634 1699 die
659 1635 697 1698 2⁰
720 1634 833 1717 Junii3
866 1645 965 1720 atque
991 1635 1045 1698 die
1071 1635 1129 1698 14ο
1154 1633 1360 1719 Septembris
1384 1656 1413 1700 a.
1442 1633 1524 1697 1547
1546 1634 1567 1694 in

455 1732 720 1818 congregatione
752 1734 898 1816 generali
933 1743 1110 1819 prorogata
1140 1735 1204 1798 fuit
1227 1735 1328 1797 sessio
1365 1753 1452 1816 qnae
1475 1730 1568 1794 futura

453 1842 525 1896 erat
548 1832 601 1896 die
632 1834 782 1918 sequenti
816 1832 858 1896 ad
890 1831 1136 1916 beneplacitum
1170 1830 1322 1897 Concilii.
1369 1829 1485 1894 Patres
1508 1848 1571 1890 vero
1620 1862 1621 1910 ,

453 1940 553 2016 atque
582 1930 727 2015 theologi
767 1952 904 1994 numero
938 1931 1005 1993 fere
1039 1931 1251 2015 septuaginta
1275 1929 1448 1992 Bononiae
1481 1926 1570 1989 discu-
1617 1927 1621 2034 l

453 2027 576 2091 tiendis
607 2038 639 2091 et
673 2029 913 2113 praeparandis
937 2030 1085 2092 materiis
1110 2028 1187 2093 lidei
1222 2039 1254 2091 et
1283 2048 1412 2090 morum
1438 2023 1570 2090 sedulam
1618 2040 1621 2063 ‘¹

454 2148 588 2212 operam
607 2127 780 2206 dederunt,
806 2130 852 2191 ita
868 2138 904 2191 ut
921 2138 1034 2212 postea
1050 2150 1153 2213 quum
1171 2126 1361 2191 Concilium
1378 2132 1570 2206 resumptum
1620 2163 1621 2172 η

453 2235 549 2305 esset,
575 2224 617 2288 ob
642 2224 702 2288 bos
725 2225 855 2289 labores
881 2228 945 2289 cito
972 2227 1104 2290 decreta
1129 2226 1248 2289 confici
1272 2223 1453 2310 potuerint.

543 2321 596 2389 54.
628 2323 702 2386 Hoc
726 2333 874 2409 tempore
889 2325 1075 2410 imperator
1099 2323 1227 2388 studuit
1251 2321 1400 2386 dissidiis
1423 2317 1572 2401 religiosis
1617 2369 1621 2409 3

452 2422 592 2485 limitem
618 2422 797 2507 quemdam
821 2445 944 2506 ponere
969 2424 1056 2486 edito
1075 2423 1247 2505 Augustae
1263 2420 1445 2506 diplomate
1461 2417 1572 2481 famoso
1616 2416 1620 2452 ³

455 2519 544 2604 quod
561 2520 692 2583 interim
715 2521 876 2607 appellari
893 2522 985 2586 solet.
1018 2522 1128 2601 Quum
1148 2520 1306 2584 videlicet
1329 2517 1441 2582 adbuc
1458 2533 1572 2597 semper

455 2638 546 2701 spem
587 2618 716 2682 foveret
747 2619 960 2682 concordiam
1000 2621 1033 2683 in
1065 2641 1101 2681 re
1134 2617 1288 2701 religiosa
1311 2615 1443 2680 restitui
1481 2631 1570 2697 posse,

455 2714 611 2799 Synodus
646 2726 758 2780 autem
782 2716 947 2801 generalis
971 2718 1157 2795 Bononiam
1183 2715 1342 2779 translata
1366 2722 1454 2778 esset
1484 2711 1568 2774 etita

455 2835 563 2876 novae
588 2812 802 2878 difficultates
826 2816 999 2895 orirentur,
1025 2814 1182 2879 studebat
1206 2814 1272 2878 alia
1295 2813 1426 2876 ratione
1443 2806 1568 2873 reconci-

454 2910 584 2975 liationi
609 2910 870 2976 Protestantium
896 2915 986 2987 viam
1003 2935 1131 2998 parare.
1180 2912 1393 2997 Compositus
1407 2911 1508 2994 igitur
1521 2905 1568 2969 init

454 3008 588 3073 libellus
612 3032 668 3073 seu
683 3011 854 3074 decretum
870 3011 913 3074 26
930 3010 1156 3091 articulorum,
1182 3009 1375 3074 auctoribus
1393 3005 1566 3092 praesertin

454 3107 475 3172 J
479 3106 545 3170 ulio
558 3107 658 3191 Pflug
673 3110 827 3193 episcopo
841 3108 1122 3192 Naumburgensi,
1145 3107 1309 3172 Michaele
1322 3105 1413 3170 Held
1431 3106 1565 3189 episeopo

454 3204 610 3269 auxiliari
644 3206 852 3290 MogontinO,
893 3205 1007 3292 probis
1043 3208 1124 3270 viris
1161 3205 1343 3287 catholicis,
1386 3213 1419 3268 ct
1457 3203 1561 3267 Jounnt

455 3303 613 3386 Agricola
637 3303 803 3368 haeretico
829 3305 992 3368 Electoris
1015 3304 1307 3388 Brandenburgici
1341 3303 1561 3368 concionatore,

454 3402 513 3465 sed
537 3424 643 3486 acque
666 3425 706 3466 ac
730 3404 834 3488 ipsius
852 3403 1007 3466 dominus
1032 3403 1230 3466 concordiae
1258 3401 1518 3486 cupientissimo.
1537 3392 1563 3456 ln
1618 3401 1619 3479 l

453 3498 606 3586 pluribus
629 3500 778 3564 articulis
802 3523 842 3564 ac
865 3503 1058 3585 praesertim
1084 3501 1118 3564 in
1143 3502 1184 3564 iis
1199 3522 1284 3587 quae
1302 3499 1343 3563 de
1360 3491 1564 3562 sacramentis

454 3597 608 3682 agebant,
635 3598 786 3662 doctrina
802 3600 971 3683 proposita
987 3598 1256 3663 Lutberanorum
1280 3595 1451 3661 erroribus
1471 3593 1564 3658 adver·

454 3694 604 3773 sabatur,
642 3697 677 3758 in
711 3696 786 3759 aliis
819 3718 898 3760 vcro
935 3705 1091 3760 contexta
1124 3705 1194 3760 erat
1225 3694 1377 3760 formulis
1408 3689 1563 3773 ambiguis,

454 3814 537 3878 quas
561 3792 677 3856 liceret
700 3795 832 3879 utrique
856 3796 1002 3879 partium
1017 3816 1076 3878 pro
1093 3816 1127 3857 se
1143 3795 1364 3879 interpretari.
1398 3787 1564 3856 Censebant

453 3891 556 3974 igitur
580 3890 627 3954 illi
652 3893 727 3972 viri,
761 3891 926 3977 quidquid
950 3893 985 3955 in
1008 3891 1120 3956 libello
1146 3891 1381 3956 continebatur
1406 3879 1562 3953 dummodo

454 4012 535 4053 sana
560 3991 832 4074 interpretatione
857 3990 1097 4075 exponebatur,
1123 3988 1293 4054 doetrinae
1318 3987 1559 4052 catholicaenon
1616 4021 1618 4059 ,

454 4107 657 4171 repugnare,
698 4098 838 4172 excepto
875 4088 1083 4152 sacerdotum
1120 4089 1274 4173 conjugio
1311 4097 1345 4150 et
1377 4107 1438 4150 usu
1469 4074 1559 4144 caliois
1617 4063 1618 4150 l

453 4185 546 4268 apud
558 4183 671 4265 laicoS,
688 4207 774 4270 quae
788 4186 853 4250 duo
864 4185 989 4250 ibidem
1003 4186 1289 4270 permittebantur.
1315 4185 1382 4252 Sed
1392 4177 1557 4249 ducebatur,
