3034 4894
414 507 454 559 De
476 505 564 559 initiis
584 504 893 573 pseudoreformationis.
1202 506 1219 563 7

92 672 175 714 usus
189 648 370 715 Ecclesiae.
410 648 552 714 Multum
577 647 620 712 ad
644 648 679 712 id
704 649 910 712 contulerant
934 647 1153 728 humanistae,
1179 670 1218 715 ao

91 750 276 833 praecipue
300 751 356 834 qui
381 769 494 811 eorum
521 755 590 810 erat
613 746 710 811 facile
735 749 889 832 princeps
913 745 1218 812 DesideriusEras-

90 868 166 910 mus
189 845 452 932 (laet-1536).
489 845 555 909 Hic
572 847 624 908 vir
640 847 675 908 in
692 867 727 908 re
744 844 904 912 litteraria
925 854 1053 912 tautam
1078 846 1219 930 acquisi-

88 955 189 1007 verat
220 943 284 1007 sibi
317 966 375 1007 suo
407 955 555 1028 tempore
586 943 710 1008 famam
743 966 782 1007 ac
818 943 966 1024 laudem,
1003 951 1039 1006 ut
1069 945 1220 1010 ¹omnium

89 1027 306 1105 dhctissimus
322 1041 515 1120 haberetur3
541 1040 692 1104 excultus
712 1051 823 1104 tamen
849 1050 919 1106 erat
934 1042 1039 1125 magis
1055 1043 1089 1104 in
1103 1041 1220 1105 litteris

89 1140 244 1224 profanis
268 1150 301 1202 et
313 1139 468 1221 classicis,
489 1161 588 1224 quam
603 1141 637 1202 in
650 1139 845 1224 theologicis
858 1139 1054 1223 disciplinis.
1080 1137 1220 1223 Scriptis

88 1239 159 1301 suis
193 1239 304 1319 variis,
345 1240 535 1322 praesertim
566 1237 716 1323 Dialopis
746 1237 971 1322 familiaribus
995 1259 1034 1300 ac
1057 1235 1142 1302 libro
1171 1238 1221 1302 De

89 1333 192 1399 luade
224 1333 391 1416 stultitiae,
423 1359 461 1398 ea
493 1357 577 1421 quae
609 1337 643 1398 in
676 1359 710 1398 re
741 1334 894 1418 religiosa
926 1336 989 1419 ipsi
1021 1335 1222 1400 videbantur

89 1437 207 1498 minus
233 1455 377 1518 congrue
408 1435 490 1518 fieri,
521 1436 663 1498 irrisioni
695 1435 806 1517 dabat,
840 1458 879 1498 ao
906 1433 1086 1517 religiosos,
1120 1433 1221 1498 eecle-

90 1536 257 1615 siastieos,
281 1536 354 1618 pios
369 1545 468 1618 atque
484 1532 621 1596 devotos
637 1532 865 1617 multipliciter
876 1531 1077 1616 exagitabat.
1108 1531 1221 1611 Quum

89 1631 222 1696 salibus
257 1642 290 1694 et
323 1635 498 1695 sarcasmis
536 1633 656 1694 mirum
693 1633 727 1695 in
763 1631 897 1695 modum
934 1632 1056 1714 scripta
1091 1630 1221 1694 Erasmi

89 1731 216 1794 referta
241 1739 350 1792 essent
373 1751 412 1792 ao
436 1729 650 1792 vehementer
667 1729 909 1792 delectarentur
926 1729 1043 1792 iisdem
1063 1727 1219 1810 legentes,

92 1828 176 1891 inde
209 1826 357 1912 colliges,
389 1836 594 1912 quantopere
624 1829 728 1890 animi
759 1849 872 1891 eorum
905 1829 962 1913 qui
992 1826 1110 1891 litteris
1141 1825 1221 1890 culti

92 1933 192 1989 erant
227 1927 268 1988 iis
303 1925 523 1990 afficerentur.
587 1924 751 2004 Quamvis
795 1935 905 1988 autem
941 1926 1099 1990 Erasmus
1125 1926 1222 2010 ·(ipse

95 2025 283 2088 canonicus
314 2023 474 2108 regularis
504 2047 543 2087 ac
575 2023 772 2109 presbyter),
806 2023 869 2087 sibi
900 2023 1070 2086 videretur
1100 2023 1222 2088 abusus

91 2131 226 2186 tantum
251 2123 395 2185 irrisioni
428 2121 603 2203 devovere,
635 2133 746 2186 tamen
770 2143 885 2207 reapse
910 2123 956 2185 ita
979 2121 1154 2204 scrihebat,
1186 2133 1222 2187 ut

94 2221 324 2283 institutiones
347 2218 528 2300 Ecclesiae,
561 2220 693 2284 ordines
723 2219 893 2304 religiosos
917 2229 949 2282 et
973 2219 1091 2283 multos
1124 2220 1223 2284 eccle-

97 2318 250 2381 siasticos
274 2319 356 2402 pios,
390 2329 607 2398 sacramenta,
641 2318 874 2403 indulgentias,
906 2318 1064 2402 suffragia
1088 2340 1145 2403 pro
1171 2319 1223 2382 de·

97 2415 233 2496 functis,
267 2414 392 2478 cultum
417 2417 610 2499 imaginum,
636 2415 708 2480 telis
732 2417 800 2479 suis
823 2415 985 2479 indirecte
1008 2425 1166 2499 tangeret,
1192 2425 1224 2478 et
1258 2419 1264 2427 ‘

98 2513 347 2598 sceptioismum
366 2513 544 2598 quemdam
562 2516 596 2577 in
610 2515 732 2577 animis
748 2513 930 2598 legentium
953 2513 1049 2578 facile
1065 2525 1223 2578 moveret.

99 2611 378 2675 Humanistarum
406 2613 508 2696 igitur
531 2612 720 2676 tendentiae
744 2611 949 2697 periculosae
973 2621 1087 2676 contra
1103 2611 1224 2676 theolo-

98 2711 185 2792 giam
221 2711 391 2792 vigentem
424 2695 600 2794 variosque
638 2709 808 2773 Ecclesiae
847 2733 925 2773 usus
962 2709 1092 2773 Erasmi
1129 2709 1223 2774 libris

100 2809 203 2891 magis
229 2807 401 2891 magisque
425 2829 460 2870 se
484 2809 570 2870 inter
592 2809 737 2872 eruditos
761 2809 1025 2892 propagarunt.¹)

186 2906 216 2968 7.
267 2902 348 2968 Orta
372 2907 496 2990 pariter
520 2915 590 2968 erat
612 2904 707 2969 brevi
739 2917 816 2969 ante
839 2905 978 2970 Lutheri
1002 2908 1098 2970 initia
1121 2907 1223 2970 famo·

104 3002 228 3066 sissima
260 3001 316 3064 illa
350 3001 440 3065 lucta
471 3004 557 3066 inter
586 3003 751 3068 Joannem
782 3005 1045 3090 Pipericornium
1078 3004 1223 3086 (Pfeffer

99 3098 193 3184 kern)
234 3122 275 3162 ao
310 3099 475 3164 Joannem
506 3100 669 3164 Reuohlin
701 3102 867 3186 (Capnio).
914 3103 1159 3186 Pipericornius
1194 3126 1223 3170 a.

101 3199 184 3263 1504
208 3220 253 3260 ex
269 3198 399 3264 Judaeo
423 3198 531 3262 factus
556 3197 775 3281 Christianus,
800 3199 870 3263 zelo
895 3197 1225 3282 religionisJudaeos

98 3295 212 3359 multis
226 3295 447 3380 impugnabat
459 3298 602 3382 scriptis,
629 3297 751 3382 quibus
776 3319 830 3362 eos
854 3297 1032 3361 accusabat
1047 3297 1135 3383 quod
1152 3321 1223 3382 per-

98 3395 308 3458 versissimus
325 3394 436 3478 libros,
453 3397 647 3480 praesertim
664 3395 821 3459 Talmudi
835 3398 968 3481 scripta,
989 3394 1225 3459 substituerent

98 3491 281 3577 Scripturis
312 3493 413 3557 sacris
443 3495 478 3556 in
509 3492 670 3577 religione
704 3517 772 3560 sua.
820 3493 1005 3558 Postulavit
1039 3497 1159 3578 igitur,
1189 3505 1226 3557 ut

97 3590 240 3654 Judaeis
269 3589 497 3656 adimerentur
517 3613 619 3676 opera
642 3590 698 3655 illa
722 3594 836 3677 impia,
867 3593 1045 3677 praecipuo
1068 3592 1225 3656 Talmudi

99 3708 258 3773 perversa
282 3688 482 3773 compilatio,
514 3711 552 3753 ac
577 3689 720 3754 flammis
744 3690 960 3772 traderentur,
991 3700 1092 3777 utque
1116 3691 1226 3773 adige-

98 3794 215 3848 rentur
238 3784 386 3869 iudaei,
404 3796 532 3851 tantum
556 3786 650 3851 libris
675 3788 804 3852 Veteris
827 3788 1031 3851 Testamenti
1064 3791 1120 3853 uti.
1170 3788 1227 3852 Sic

100 3881 269 3965 censebat,
304 3886 438 3948 remotis
468 3885 716 3970 impedimentis
747 3907 801 3950 eos
833 3907 928 3971 posse
959 3886 1002 3950 'ad
1031 3887 1224 3970 religionem

101 3980 317 4045 christianam
352 3985 512 4047 converti.
560 3983 672 4062 Quum
705 3986 803 4048 etiam
838 3984 894 4047 alii
925 3986 971 4048 ita
1004 3987 1163 4047 sentirent
1185 4007 1225 4046 ac

176 4124 195 4194 ¹)
216 4123 271 4180 cfr.
291 4124 416 4188 Jansseu,
443 4123 537 4181 Gesch.
558 4125 603 4179 des
623 4126 768 4179 deutschen
788 4125 896 4189 Volkes,
915 4126 946 4178 T.
967 4125 1002 4183 ΙΙ,
1022 4126 1052 4182 L.
1072 4127 1093 4182 1.
1114 4126 1183 4180 Sect.
1203 4126 1224 4178 l.

101 4202 282 4258 Gravissimas
300 4204 330 4257 in
348 4205 491 4258 Erasmum
515 4206 700 4259 accusationes
726 4212 816 4260 movet
836 4205 920 4259 variis
940 4206 966 4259 in
987 4206 1107 4273 epistolis
1127 4205 1227 4259 Alean·

100 4282 155 4339 der.
193 4284 248 4338 Otr.
267 4284 354 4336 Balan
374 4285 490 4342 Monum¹
511 4284 618 4339 reform.
638 4303 662 4353 p.
682 4287 725 4343 31.
745 4288 780 4340 34
799 4295 850 4342 etc.

1280 2901 1353 2941 Causa

1250 2964 1379 3003 Reuohltni.
