2964 4912
294 511 411 565 Comitia
429 510 502 564 Cleri
520 507 598 562 annis
619 507 794 562 loeo-1682
812 506 915 565 habIte.
1113 508 1164 562 351

58 654 234 719 Statuunt
226 656 398 739 imprimis,
430 652 573 736 regaliae
604 673 740 715 causam
764 673 829 715 non
854 651 897 714 ad
921 651 999 715 fidei
1023 672 1164 714 morum·
1182 653 1225 702 F¹1³¹
1182 654 1329 756 Imriifilamd

58 775 113 837 que
135 753 281 837 regulam
313 773 398 837 quae
419 749 658 814 immobiliset
682 749 930 812 irreformabilis
955 751 1006 830 sit,
1039 749 1097 812 sed
1121 716 1200 813 adP

57 850 266 936 disciplinam,
292 871 376 934 quae
400 870 458 934 pro
481 847 641 911 locisett
594 847 834 931 ttemporibus
850 846 993 911 subinde
1009 857 1080 911 mut
1067 856 1163 929 t,etur

55 970 195 1034 quaeque
226 955 486 1031 temperamenta
513 968 553 1010 ac
584 943 748 1008 salubrem
780 943 871 1008 illam
904 898 1164 1009 moderationem

54 1047 208 1126 admittat,
241 1045 374 1108 omuino
406 1044 580 1128 pertinere.
632 1042 729 1124 „Jam
761 1064 837 1126 ergo
867 1045 1043 1106 constituto
1068 1065 1165 1128 quae·

53 1146 158 1207 stionis
182 1153 285 1223 statu,
320 1142 403 1205 Bme
427 1142 542 1222 Pater,
567 1142 739 1225 inquiunt,
765 1133 926 1224 quantum
950 1140 1164 1226 intelligimus

53 1263 113 1305 rem
142 1252 246 1306 totam
275 1240 425 1325 expediri
449 1239 540 1303 haud
565 1237 701 1302 difficile
725 1238 840 1302 fuerit:
875 1259 977 1323 quum
1001 1238 1035 1302 id
1061 1261 1164 1302 unum

53 1339 280 1424 inquirendum
314 1346 423 1418 restet,
451 1338 585 1422 justane
617 1358 717 1399 causa
740 1336 849 1418 suerit,
884 1357 943 1399 cur
966 1345 1040 1420 post
1063 1336 1164 1400 eccle·

53 1440 166 1502 siarum
199 1436 419 1522 quarumdam
451 1435 638 1500 libertatem
669 1435 745 1497 totis
770 1435 944 1517 sexaginta
968 1435 1064 1497 annis
1088 1445 1164 1498 stre-

52 1557 109 1599 uue
132 1543 388 1620 propugnatum,
414 1535 494 1597 victi
519 1535 553 1596 in
578 1554 615 1596 eo
640 1531 799 1595 tribunali
825 1531 913 1617 quod
937 1532 1001 1615 ipsi
1027 1533 1162 1617 antiquo

51 1654 132 1696 ruore
155 1634 251 1716 regni
275 1630 529 1717 appellavimus,
562 1631 771 1715 acquiescere
794 1631 903 1714 potius
929 1651 1028 1714 quam
1053 1632 1164 1694 omnia

51 1752 263 1811 commovere,
288 1731 413 1814 regiam
438 1736 633 1814 potestatem
658 1749 733 1790 cum
749 1725 930 1812 pontificali
948 1729 1162 1809 committere,

51 1850 130 1892 nova
154 1829 300 1913 denique
324 1827 411 1890 bella
436 1829 523 1891 ciere
547 1824 738 1889 vellemus.“
774 1822 951 1888 Celebrant
975 1823 1052 1888 dein
1076 1828 1163 1910 regis

50 1927 77 1989 in
102 1927 286 1990 Ecclesiam
319 1927 447 2004 merita,
476 1924 676 2008 studentque
700 1921 873 1985 ostendere
896 1921 1040 2005 regaliae
1065 1923 1162 1986 detri-

50 2034 152 2088 menta
181 2045 249 2089 non
280 2025 397 2087 inesse.
447 2021 559 2105 ,Quid
591 2019 681 2106 quod
710 2018 792 2082 illud
816 2041 898 2083 onus
922 2021 982 2082 vix
1005 2019 1162 2085 ecclesiae

49 2125 196 2203 sentiunt,
223 2122 415 2185 vacantium
440 2118 653 2184 ecclesiarum
678 2117 851 2200 fructibus,
877 2139 959 2202 quos
981 2139 1076 2202 reges
1092 2121 1163 2183 vin·

49 2218 152 2283 dicare
175 2219 258 2300 fiseo
282 2221 317 2282 in
342 2218 556 2282 ecelesiarum
579 2215 676 2300 longe
701 2217 849 2279 maxima
868 2225 962 2300 parte
979 2238 1046 2280 non
1061 2216 1164 2282 dubia

48 2318 282 2382 consuetudine
306 2325 467 2402 poterant,
500 2315 681 2379 successori
711 2315 898 2395 reservatis,
931 2313 1096 2399 rebusque
1120 2315 1164 2379 ad

48 2437 206 2479 canonum
240 2416 469 2478 auctoritatem
494 2413 660 2477 Ludovici
684 2412 772 2476 XIII
801 2420 960 2496 augustae
985 2415 1163 2478 memoriae

47 2512 146 2578 edicto
180 2511 374 2577 revocatis?
422 2510 513 2591 Quid
546 2511 635 2597 quod
666 2512 701 2574 in
733 2509 933 2595 quibusdam
964 2510 1163 2595 praebendis

47 2632 81 2673 ac
112 2609 333 2696 dignitatibus
365 2609 582 2690 conferendiS,
617 2611 644 2672 si
678 2607 759 2693 quid
783 2618 853 2671 erat
876 2609 1035 2692 asperius,
1067 2609 1163 2673 nobis

47 2707 306 2793 supplicantibus
339 2729 358 2770 a
387 2729 464 2792 rege
497 2705 659 2771 mollitum
693 2707 786 2769 tanti·
814 2707 974 2792 principis
1004 2707 1162 2790 pietatem

45 2802 292 2890 largitatemque
317 2804 548 2869 commendat?
589 2803 681 2885 Quid
705 2804 793 2889 quod
819 2803 982 2888 Capitulis
1006 2827 1066 2868 sua
1084 2806 1163 2891 jura

46 2913 179 2985 servata,
207 2903 354 2988 certique
373 2901 547 2988 judicibus
571 2902 767 2986 praescripti
791 2900 922 2982 limites,
953 2923 994 2964 ne
1018 2902 1162 2985 regaliae

45 3003 172 3064 nomine
198 3001 310 3063 omnia
335 2999 547 3064 invadantur.
589 2999 629 3064 Id
654 2999 831 3084 subjuncta
855 2999 907 3062 his
930 2998 1047 3063 litteris
1070 3010 1163 3085 gesta

45 3105 203 3162 testantur
227 3107 382 3182 certoque
407 3097 531 3161 indicio
556 3106 642 3178 sunt,
667 3118 767 3182 quam
792 3095 877 3160 bene
892 3095 939 3159 illi
956 3096 1067 3182 aliqua
1088 3120 1165 3162 conr

45 3196 212 3276 cedantur,
244 3197 300 3280 qui
332 3194 435 3259 multa
460 3195 532 3280 jam
565 3194 628 3257 sibi
652 3195 857 3278 possessione
881 3193 1052 3258 vindicata
1076 3195 1160 3260 ultro

45 3293 225 3358 concedit.“
275 3291 417 3358 Student
440 3291 517 3356 deiu
542 3291 726 3374 ostendere,
752 3314 786 3355 se
811 3313 876 3356 non
901 3293 1160 3378 potuisseimpe·
1263 3377 1265 3382 Ι

9 3413 10 3416 ’
44 3388 108 3453 dire
132 3389 277 3474 regaliae
302 3392 537 3470 extensionem,
573 3412 675 3475 quum
708 3391 920 3472 magistratus
944 3392 1063 3454 acriter
1087 3414 1159 3456 eam

43 3495 75 3548 ut
100 3489 157 3572 jus
189 3509 329 3551 coronae
352 3487 534 3567 vindicent,
566 3510 744 3573 regemque
775 3490 811 3551 in
844 3510 938 3551 suam
962 3491 1159 3554 sententiam

42 3587 218 3668 traxerint,
248 3586 401 3670 antiquos
425 3606 502 3648 vero
530 3584 706 3649 Pontifices
729 3585 838 3669 largos
861 3586 961 3650 fuisse
987 3587 1021 3649 in
1046 3608 1159 3650 conce-

42 3679 156 3747 dendis
181 3683 297 3766 gratiis
320 3691 353 3746 et
376 3684 411 3747 in
434 3683 632 3748 remittendo
656 3686 763 3767 rigore
788 3706 953 3747 canonum
978 3684 1089 3769 quoad
1112 3707 1159 3749 re-

40 3799 94 3860 ges
134 3789 167 3844 et
205 3781 382 3866 principes.
436 3780 607 3844 Postremo
643 3783 762 3844 iterum
801 3803 911 3864 regem
948 3781 1159 3848 Ludovioum

41 3873 194 3942 laudibus
233 3878 332 3941 etiam
373 3878 598 3942 Immoderatis
644 3879 762 3965 („quid
805 3882 892 3944 enim
932 3880 1023 3943 videt
1060 3878 1159 3944 Orbis

41 3971 159 4055 Magno
184 3974 356 4039 Ludovico
383 3975 548 4061 majus?“)
582 3977 723 4040 efferunt
754 3986 853 4062 atque
882 3979 1158 4066 commendant.¹)

43 4139 253 4154 *m—

111 4248 133 4318 ¹)
154 4248 208 4306 Ofr.
228 4249 370 4318 epistolam
388 4249 417 4303 in
436 4249 501 4304 (loll.
520 4251 634 4306 Lacensi
652 4252 682 4304 T.
703 4251 724 4304 I.
744 4267 768 4318 p.
788 4252 841 4306 820
859 4266 916 4319 sqq.
