2964 4912
288 492 404 548 Comitia
423 493 496 547 Cleri
515 492 593 546 annis
614 493 789 546 lesu-1682
808 492 909 546 habita.
1108 495 1160 545 349

128 638 180 702 40.
212 636 306 700 Alter
323 637 540 700 Comitiorum
557 657 688 720 praeses
705 645 775 698 erat
791 638 964 699 Mauritius
982 638 1024 700 Le
1045 635 1322 737 Teitiar⁰⁰¹¹¹¹liffum

50 735 307 820 archiepiscopus
331 733 538 814 Rhemensis,
565 732 763 796 Cancellarii
788 733 890 808 lilius,
917 733 1067 796 doctrina
1091 736 1160 818 qui·
1199 709 1259 738 mm
1275 710 1307 737 η’

51 832 117 895 dem
140 834 338 916 conspicuus
362 831 575 916 moribusque
599 830 773 903 honestus:
806 832 956 894 sedtum
981 831 1023 894 ob
1048 853 1160 916 paren·

49 930 136 993 telam
161 952 264 1011 suam,
289 939 359 992 tum
377 929 511 1014 propria
525 929 697 992 tendentia
720 951 837 1014 parum
853 927 1066 992 reverebatur
1084 930 1162 1014 jura

49 1028 178 1091 Romani
202 1026 390 1106 Pontificis,
416 1027 569 1111 quamvis
593 1028 740 1089 maxima
764 1025 925 1090 beneficia
950 1026 992 1090 ab
1017 1049 1054 1090 co
1080 1027 1160 1090 obti-

51 1127 177 1188 nuisset.
225 1124 308 1189 ,lura
332 1135 442 1188 autem
474 1145 558 1208 quae
583 1123 646 1186 sibi
674 1134 711 1186 ut
735 1122 960 1208 metropolitae
985 1127 1162 1188 convenire

47 1223 234 1288 autumabat
266 1243 387 1306 magno
418 1243 493 1285 cum
517 1223 625 1304 rigore
658 1230 773 1284 contra
797 1223 1021 1306 suffraganeos
1054 1223 1161 1286 vindi·

47 1321 144 1404 cabat,
169 1320 344 1384 ambitioni
369 1319 509 1382 nimium
525 1318 732 1402 movebatur,
758 1329 790 1382 et
813 1321 967 1404 quamvis
981 1319 1162 1386 virtutibus

47 1439 105 1480 non
129 1426 271 1498 careret,
296 1425 407 1480 tamen
432 1438 534 1501 quum
558 1414 634 1479 talis
658 1426 759 1496 esset,
793 1415 890 1479 facile
914 1417 1078 1481 adductus
1102 1427 1160 1497 cst,

47 1524 77 1577 ut
106 1519 139 1580 in
173 1515 326 1580 Comitiis
357 1515 427 1596 regi
462 1513 658 1598 obsequium
691 1522 873 1598 praestaret
905 1524 937 1578 et
970 1513 1162 1580 Gallicanas

46 1613 179 1678 theorias
212 1622 326 1677 contra
357 1612 389 1677 S.
423 1609 542 1676 Sedem
574 1621 809 1696 propugnaret.
861 1611 985 1676 Similis
1017 1615 1068 1676 vir
1097 1613 1162 1676 fuit

47 1710 192 1776 Nicotaus
221 1709 352 1791 Gothori,
377 1710 522 1774 Ministri
546 1711 628 1794 regii
653 1708 752 1792 filius,
777 1709 872 1772 brevi
896 1718 982 1791 ante,
1007 1712 1161 1795 quamvis

47 1816 164 1872 tantum
192 1809 314 1892 viginti
330 1830 389 1872 sex
412 1829 517 1871 annos
533 1806 679 1888 haberet,
705 1807 885 1893 Coadjutor
900 1807 1007 1870 factus
1021 1807 1160 1870 Antonii

46 1905 211 1971 Barberini
236 1905 478 1990 archiepiscopi
499 1904 784 1989 Rothomagensis.
831 1905 1041 1990 Apostolicac
1066 1904 1162 1969 Sedis

45 2007 266 2068 auctoritatem
291 2005 391 2066 etiam
422 2005 494 2087 ipse
519 2004 629 2066 minus
652 2003 882 2084 reverebatur,
918 2005 963 2067 ita
988 2012 1024 2066 ut
1046 2012 1162 2088 postca

45 2101 134 2185 pallio
169 2125 238 2166 non
275 2102 420 2186 expetito
457 2122 596 2165 munera
630 2099 927 2186 archiepiscopalia
969 2110 1161 2185 arroganter

45 2209 221 2281 exerceret3
255 2199 330 2262 fasti
355 2200 510 2283 vitaeque
543 2197 693 2262 lautioris
718 2207 788 2262 erat
811 2221 934 2263 amans.
969 2236 1012 2245 —
1045 2199 1160 2281 Magni

45 2301 177 2362 nominis
212 2299 265 2360 vir
297 2298 397 2359 etiam
431 2306 501 2359 erat
537 2294 698 2360 Gilbartas
731 2297 768 2360 dc
806 2296 953 2362 Choireai
985 2299 1161 2382 episcopus

44 2395 265 2475 Tornacensis,
290 2391 549 2457 vehementioris
572 2395 693 2476 animi,
719 2395 754 2456 in
777 2416 888 2479 regem
913 2396 1070 2481 obsequio
1093 2395 1159 2481 ple-

44 2514 113 2576 nus,
147 2492 180 2557 S.
207 2491 285 2556 sedi
309 2501 420 2560 autem
444 2500 512 2555 tam
543 2513 661 2576 parum
686 2491 855 2573 addictus,
889 2504 925 2556 ut
950 2496 983 2556 in
1008 2491 1160 2557 Comitiis

44 2612 76 2654 ea
105 2598 320 2677 proponeret,
356 2589 477 2674 quibus
510 2590 581 2674 ipse
610 2591 771 2674 primatus
797 2589 966 2655 Pontificis
998 2590 1159 2654 convelle-

43 2688 140 2755 batur.
169 2727 211 2736 -
242 2686 423 2752 Eminebat
446 2689 533 2750 inter
556 2708 669 2750 omnes
693 2687 863 2750 Bossactas
888 2690 1013 2773 ingenii
1041 2688 1158 2772 laude,

43 2787 215 2850 virtutibus
248 2807 378 2870 quoque
403 2787 601 2870 conspicuus
626 2794 704 2848 orat.
752 2785 828 2848 Non
860 2796 971 2850 tamen
996 2809 1034 2850 ea
1054 2788 1159 2872 ipsius

44 2895 105 2948 erat
126 2885 323 2964 auotoritas,
349 2891 385 2946 ut
408 2883 451 2946 ad
475 2892 593 2946 nutum
618 2884 729 2947 omnia
753 2905 866 2966 regere
891 2893 1000 2969 posset
1009 2934 1018 2966 ,
1044 2906 1158 2970 quum-

44 3002 99 3064 que
113 2981 354 3046 Gallicanismo
380 2980 550 3044 moderato
576 2981 675 3044 etiam
700 2981 770 3065 ipse
788 2989 872 3044 esset
888 2982 1035 3045 imbutus
1059 2982 1158 3066 maje-

43 3089 218 3166 statemque
241 3079 367 3160 regiam
400 3079 540 3142 nimium
573 3078 641 3141 fere
673 3078 810 3160 coleret,
845 3088 977 3163 posteo
1012 3079 1158 3162 devenit,

43 3187 74 3238 ut
87 3177 311 3242 Declarationi
325 3175 552 3239 conficiendae
568 3197 703 3239 manum
720 3175 922 3242 admoveret.
955 3179 1027 3241 Imo
1043 3178 1156 3261 magni

43 3279 116 3361 quid
132 3279 196 3343 sibi
207 3278 317 3341 facere
331 3277 422 3339 visus
433 3285 482 3338 cst
494 3284 526 3338 et
539 3275 579 3338 de
590 3274 741 3338 Ecclesia
752 3274 903 3360 Sedeque
912 3275 1062 3340 Romana
1072 3275 1159 3339 bene

43 3379 162 3459 mereri,
188 3374 276 3460 quod
301 3395 353 3436 res
377 3383 409 3436 et
432 3370 701 3436 Declarationem
726 3374 772 3436 ita
794 3381 978 3456 temperare
1001 3375 1157 3458 potuerit,

43 3481 160 3538 utnon
184 3473 227 3536 ad
252 3473 344 3534 nisus
368 3469 466 3555 plene
491 3469 719 3534 schismaticos
742 3473 981 3555 perveniretur.
998 3509 1041 3518 —-
1058 3470 1156 3552 Quod

43 3569 80 3632 ad
103 3570 238 3635 clericos
255 3568 392 3632 secundi
409 3567 534 3631 ordinis
554 3569 681 3650 attinet,
707 3568 753 3632 ita
770 3567 885 3631 electio
901 3591 1013 3632 eorum
1031 3568 1158 3634 directa

43 3678 114 3751 erat,
138 3678 176 3731 ut
198 3666 332 3731 nonnisi
348 3667 410 3730 viri
432 3667 502 3749 regi
525 3664 622 3749 plane
640 3665 751 3729 devoti
768 3665 937 3748 adessent3
963 3669 1029 3730 imo
1045 3666 1157 3751 plures

43 3764 247 3848 opinionibus
272 3765 339 3827 suis
363 3763 395 3829 S.
421 3761 499 3827 Sedi
524 3785 649 3848 parum·
665 3763 832 3828 favebant.

124 3865 177 3927 41.
224 3862 289 3925 Die
314 3862 351 3926 9⁰
374 3861 574 3925 Novembris
597 3885 627 3926 a.
652 3861 734 3926 1681
761 3863 862 3945 igitur
886 3861 1029 3925 Comitia
1054 3861 1156 3926 Galli-

44 3978 120 4024 cana
150 3960 339 4024 solemniter
370 3969 485 4046 aperta
509 3971 595 4043 sunt,
629 3983 667 4024 ac
691 3960 870 4024 Bossuetus
894 3959 1011 4022 habuit
1039 3962 1155 4023 oratio·

43 4077 112 4121 nem
136 4081 230 4122 suam
254 4058 419 4124 celebrem
444 4059 482 4122 dc
505 4061 627 4122 unitata
651 4057 821 4138 Ecclesiae,
847 4079 931 4142 quae
955 4059 1043 4141 typis
1063 4079 1154 4120 man-

44 4151 115 4217 data
137 4156 206 4221 fuit.
249 4155 384 4220 Studuit
407 4158 442 4219 in
467 4156 583 4219 eadem
607 4157 827 4219 reverentiam
852 4165 884 4218 et
906 4155 1153 4218 venerationem

45 4269 115 4334 trga
144 4253 264 4319 Sedem
288 4252 515 4339 Apostolicam
547 4252 777 4339 eloquentibus
810 4252 921 4317 verbis
952 4275 1155 4336 asseverare,
