3034 4894
322 483 356 533 74
607 478 763 536 XXXVIII,
783 480 823 534 De
842 473 964 534 Concilio
980 480 1147 537 Tridentino.

321 613 470 687 summae
495 625 715 708 corruptionis
740 623 960 689 traducerent.
1009 624 1121 704 Quum
1147 647 1189 688 ex
1214 627 1276 688 isto
1305 623 1431 690 Consilio

318 723 470 807 apprime
498 731 619 805 pateat,
652 724 787 807 quinam
820 721 943 787 abusus
975 724 1073 786 etiam
1099 725 1180 786 viris
1203 721 1373 805 catholicis
1403 724 1431 784 in

319 818 469 882 Ecclesia
493 819 608 882 adesse
624 821 688 882 visi
704 822 779 902 sint,
807 843 976 906 quumque
1000 821 1234 884 adactionem
1258 830 1432 904 temporum

318 937 359 979 ac
373 938 500 979 morum
516 917 724 980 formandam
740 918 881 982 multum
898 919 931 982 id
950 919 1107 1000 conferat,
1132 918 1244 1004 aliqua
1269 919 1376 1002 capita
1397 939 1432 979 ex
1498 965 1499 988 ,

319 1013 435 1078 eodem
461 1015 638 1081 afferimus.

150 1115 308 1161 0⁰t⁸t³⁶rmd⁰
411 1113 461 1178 18.
508 1112 659 1176 Primum
683 1113 898 1177 aduerterunt
921 1125 1081 1194 auctores,
1109 1116 1215 1198 „sicut
1238 1114 1272 1176 in
1298 1134 1430 1195 unaqua-
1498 1131 1499 1136 ¹

175 1181 283 1286 effi,
320 1234 384 1295 que
400 1211 580 1296 republica,
597 1213 643 1275 ita
659 1213 759 1274 etiam
785 1223 816 1274 et
829 1213 863 1274 in
880 1211 942 1275 hac
959 1212 1183 1276 ecclesiastica
1202 1210 1430 1296 gubernatione

319 1308 490 1372 Ecclesiae
511 1308 634 1373 Christi
658 1307 745 1374 hanc
770 1331 848 1394 prae
873 1310 1027 1374 omnibus
1050 1310 1156 1395 legem
1182 1309 1380 1387 habendam,
1402 1317 1433 1369 ut
1499 1367 1500 1374 ,

318 1416 481 1492 quantum·
503 1407 573 1469 fieri
599 1416 706 1492 potest
728 1407 818 1490 leges
843 1417 1027 1472 serventur.
1074 1409 1144 1471 Nec
1165 1418 1320 1492 putemus
1343 1405 1432 1468 licere

318 1504 508 1589 dispensare
525 1507 559 1568 in
575 1504 714 1589 legibus,
740 1507 803 1568 uisi
821 1509 952 1590 urgenti
970 1505 1010 1568 de
1028 1528 1128 1569 causa
1143 1517 1176 1569 et
1189 1506 1431 1568 necessaria...

316 1600 990 1687 Illudveronontantumhuicproximum,
1001 1603 1162 1688 sedlonge
1178 1605 1271 1688 prius
1286 1612 1319 1666 et
1334 1603 1432 1686 potius

317 1699 484 1783 superiore
508 1709 673 1783 putam-us,
707 1720 774 1764 non
797 1699 897 1763 licere
922 1700 1078 1764 Pontifici
1103 1710 1135 1763 et
1159 1698 1283 1764 Christi
1307 1699 1431 1762 Vicario

317 1798 350 1859 in
376 1819 437 1858 usu
460 1798 640 1880 potcstatis,
666 1795 811 1860 clavium
837 1798 1006 1882 inquimus
1030 1800 1201 1882 potestatis
1222 1796 1388 1862 aOhristo
1410 1797 1430 1857 ei

317 1893 464 1976 collatae,
489 1893 619 1976 lucrum
643 1894 779 1979 aliquod
805 1892 1061 1979 compararem)
1110 1896 1198 1960 Dein
1215 1897 1302 1959 varii
1319 1894 1431 1958 abusus

315 1991 549 2077 percelluntur.
599 1993 744 2072 „Primus
769 1992 886 2056 abusus
915 2005 965 2056 est
989 1995 1151 2057 ordinatio
1176 1993 1376 2073 clericorum,
1408 2001 1432 2053 et

316 2091 509 2175 praesertim
540 2090 823 2174 presbyterorum,
864 2093 898 2154 in
929 2113 995 2176 qua
1028 2091 1119 2154 nulla
1149 2090 1329 2156 adhibetur
1354 2111 1430 2164 cura,

315 2187 406 2252 nulla
430 2187 608 2251 adhibetur
639 2188 830 2277 diligentia:
864 2190 952 2275 quod
983 2192 1106 2275 passim
1139 2191 1342 2274 quicumque
1367 2188 1430 2262 sint,

315 2287 553 2370 imperitissimi
577 2287 652 2365 siut,
679 2285 840 2351 vilissimo
864 2309 985 2371 genere
1001 2290 1073 2367 orti,
1099 2289 1165 2352 sint
1182 2286 1277 2351 malis
1294 2284 1431 2350 moribus

315 2386 431 2464 ornati,
466 2385 532 2448 sint
562 2383 797 2466 adolescentes
828 2385 1049 2450 admittuntur
1082 2386 1125 2450 ad
1156 2385 1289 2450 ordines
1322 2403 1430 2446 sacros.

315 2481 405 2544 Hinc
436 2482 611 2545 innumera
641 2482 808 2564 scandala,
842 2483 920 2547 hinc
954 2495 1163 2569 contemptus
1187 2483 1316 2548 ordinis
1341 2479 1431 2544 eccle·

314 2581 448 2658 siastici,
474 2579 553 2643 hinc
578 2578 684 2664 divini
711 2580 818 2644 cultus
843 2583 1012 2646 veneratio
1035 2603 1101 2645 non
1118 2592 1247 2646 tantum
1265 2581 1430 2655 diminuta,
1499 2589 1500 2592 ’

314 2678 370 2742 sed
397 2679 496 2740 etiam
521 2698 622 2761 prope
650 2679 721 2762 jam
747 2680 942 2744 exstincta.“
991 2679 1104 2743 Media
1128 2701 1224 2764 porro
1249 2679 1431 2742 indicantur

314 2775 436 2860 quibus
467 2774 550 2838 haec
580 2777 698 2858 corrigi
732 2778 870 2860 possint.
918 2815 961 2824 —-
1009 2777 1154 2860 „Abusus
1185 2777 1270 2840 alius
1301 2773 1430 2839 maximi

314 2873 470 2958 ponderis
508 2883 557 2936 est
594 2875 630 2935 in
669 2873 838 2937 collatione
874 2875 1090 2958 beneficiorum
1128 2874 1429 2950 ecclesiasticorum,

314 2974 459 3034 maxime
485 2980 674 3036 curatorum
698 2982 730 3035 et
753 2995 832 3057 prae
857 2974 1012 3038 omnibus
1029 2977 1294 3059 episcopatuum,
1320 2975 1355 3037 in
1371 2971 1430 3056 qui·

314 3067 375 3132 bus
400 3092 478 3132 usus
502 3068 653 3150 invaluit,
689 3079 725 3132 ut
757 3071 973 3154 provideatur
1003 3073 1152 3156 personis
1186 3071 1308 3157 quibus
1333 3067 1428 3132 conf·

312 3178 431 3230 runtur
462 3167 635 3248 beneficia,
673 3190 739 3231 non
773 3178 884 3233 autem
915 3171 1007 3253 gregi
1034 3170 1157 3234 Christi
1192 3181 1224 3233 et
1259 3169 1427 3233 Ecclesiae.

312 3265 392 3328 Ideo
416 3267 452 3328 in
469 3265 677 3330 conferendis
702 3266 753 3329 his
779 3267 1205 3333 beneficiis...curaudum
1222 3278 1280 3349 est,
1306 3277 1343 3329 ut
1365 3287 1428 3328 con-

313 3363 461 3426 ferantur
483 3365 565 3427 viris
590 3363 685 3427 bonis
701 3363 890 3450 doctisque:
916 3365 1000 3445 ideo,
1027 3375 1063 3428 ut
1079 3387 1137 3450 per
1154 3388 1187 3428 se
1201 3366 1332 3450 possint
1344 3362 1428 3443 fungi

313 3459 376 3523 illis
402 3461 595 3525 muneribus
619 3461 662 3524 ad
686 3484 771 3546 quae
795 3473 965 3535 tenentur;
1001 3464 1136 3547 insuper
1159 3462 1224 3526 illis
1249 3483 1330 3548 quos
1353 3460 1427 3522 veri·

312 3557 419 3622 simile
444 3567 492 3620 est
514 3559 728 3622 residentiam
754 3561 930 3624 facturos.“
957 3599 999 3606 -
1025 3561 1112 3624 Dein
1138 3568 1428 3626 commemorantur

313 3655 428 3718 abusus
459 3658 516 3741 qui
545 3679 645 3742 saepe,
672 3660 924 3721 committuntur
949 3658 1028 3720 dum
1053 3658 1202 3741 beneflcio
1226 3659 1376 3722 cedrtntur
1404 3663 1428 3716 at
1499 3569 1502 3792 1

262 3797 265 3800 -
307 3752 516 3836 pensionibus
540 3765 722 3833 onerantur,
756 3754 835 3818 dum
867 3765 1098 3840 permutantur
1127 3753 1427 3842 compactionibus

312 3851 513 3933 simoniacis,
538 3851 618 3915 dum
642 3855 904 3917 renuntiationes
921 3854 1005 3917 fiunt
1021 3855 1172 3938 pessimis
1190 3852 1426 3918 conditionibus

386 4103 407 4174 1)
427 4105 485 4158 Ηοο
513 4107 545 4160 ab
564 4108 699 4173 aliquibus
727 4109 795 4162 uiris
823 4109 875 4177 piis
905 4110 951 4163 sed
979 4111 1067 4163 minus
1093 4110 1271 4178 prudentibus
1299 4107 1425 4163 interdum

311 4183 424 4237 nimium
437 4186 593 4252 urgebatur,
614 4193 747 4253 quatenus
761 4189 845 4242 etiam
859 4189 979 4243 subsidia
993 4195 1021 4243 et
1034 4206 1133 4256 aequas
1148 4191 1176 4244 in
1189 4186 1423 4258 dispensationibus

311 4271 391 4316 taxas
412 4264 498 4334 accipi
517 4282 571 4320 non
589 4283 666 4334 posse
686 4277 835 4323 censerent.
