3288 4900
426 436 538 491 CoueiIii
557 438 682 504 periodus
701 437 795 491 tertia.
1119 437 1172 492 169

55 582 213 662 cecidisse,
238 582 303 645 nisi
329 580 523 644 definiretur
546 580 581 644 id
596 581 685 666 quod
703 579 749 644 illi
767 580 808 644 de
825 581 1031 645 institutione
1048 582 1171 666 episco·
1190 584 1299 685 911311ξῖ)
1315 586 1342 624 ‘¹⁰
1428 574 1431 586 ’
1459 583 1470 614 ·’

54 701 161 763 porum
187 679 358 765 optabant.
405 678 571 759 Quocirca
596 701 630 742 se
655 689 781 764 putare,
806 682 986 743 sessionem
1012 677 1170 743 celebrari
1190 646 1335 758 fillslofifie
1443 668 1445 679 ¹

54 800 112 841 non
140 799 247 863 posse,
286 786 462 862 propterea
494 776 631 862 quod'
607 800 632 840 sr
658 776 755 840 aliter
778 799 817 840 ea
841 776 1029 858 haberetur,
1069 798 1172 860 grave
1236 782 1294 810 Νω-

54 877 281 940 detrimentum
319 874 452 939 illatura
491 885 576 939 esset
614 896 680 939 non
720 874 797 939 solis
821 874 886 938 illis
909 873 1074 955 Patribus,
1115 874 1173 938 sed

54 975 228 1059 Hispaniae
262 976 454 1056 universae,
490 996 593 1059 quum
627 973 670 1037 ad
701 975 867 1037 actionem
898 975 982 1037 tanti
1017 972 1174 1058 ponderis

53 1073 279 1156 procederetur
303 1081 509 1157 repugnante
534 1093 574 1134 ea
597 1072 727 1154 integra
750 1073 895 1136 natione.
943 1071 1038 1135 Haec
1061 1081 1173 1135 tamen

53 1171 217 1235 Praesides
247 1169 289 1234 ab
314 1172 447 1254 incepto
480 1191 545 1232 uon
576 1177 797 1250 retraxerunt,
839 1170 896 1234 sed
929 1170 973 1234 ad
1005 1179 1174 1234 certamen

54 1272 282 1349 instruxerunt,
299 1290 401 1354 quum
419 1270 499 1353 ipsis
515 1263 672 1331 indecora
688 1266 865 1352 postulatio
883 1269 1062 1348 videretur,
1085 1268 1174 1354 quod

53 1370 140 1451 pauci
172 1367 343 1453 praesules
376 1375 569 1450 arrogarent
599 1365 674 1446 sibi,
709 1388 775 1430 nou
809 1365 914 1430 solum
945 1365 1108 1452 impedire
1132 1388 1173 1429 ne

53 1465 238 1530 definiretur
254 1464 289 1528 id
307 1464 395 1550 quod
408 1463 528 1549 reliqui
542 1463 709 1543 volebant,
734 1464 792 1527 sed
807 1465 970 1549 impedire
983 1466 1173 1544 sessionem,

54 1565 107 1626 nisi
131 1563 331 1627 definiretur
354 1562 443 1648 quod
468 1564 539 1648 ipsi
557 1561 723 1626 volebant.
772 1563 837 1625 Die
864 1563 922 1626 14⁰
945 1562 1028 1628 Julii
1054 1564 1173 1628 iterum

53 1661 231 1744 generalem
258 1659 558 1744 Congregationem
594 1680 833 1742 commeavere,
872 1682 936 1746 quo
977 1681 1096 1723 manus
1119 1680 1174 1743 po·

54 1769 163 1823 strema
188 1760 323 1843 negotio
359 1758 593 1822 admoveretur
615 1758 659 1822 ad
683 1760 862 1822 crastinam
894 1760 1084 1821 sessionem.
1131 1759 1175 1819 Et

53 1860 202 1940 quamvis
225 1857 372 1941 Hispani
402 1877 570 1920 rumorem
602 1859 808 1941 sparsissent,
843 1859 906 1920 nisi
931 1856 1052 1939 dogma
1075 1855 1175 1940 juxta

54 1976 155 2020 eorum
167 1954 427 2041 postulationem
438 1953 639 2035 definiretur,
655 1976 691 2018 se
706 1963 945 2018 contestaturos
959 1976 1039 2034 esse,
1056 1953 1174 2035 Legati

55 2062 156 2119 tamen
180 2052 387 2138 reliquorum
412 2052 610 2116 concordiae
635 2053 750 2116 confisi
767 2052 919 2116 alacriter
935 2058 1172 2116 convenerunt.

54 2154 188 2238 Hispani
215 2155 251 2215 iu
277 2151 448 2215 sententiis
473 2149 624 2214 dicendis
649 2149 835 2214 immobiles
859 2152 1082 2235 perstiterunt,
1108 2167 1173 2210 uno

55 2263 204 2337 excepto,
233 2258 265 2313 et
290 2270 349 2312 sex
372 2246 429 2311 alii
454 2249 601 2333 episcopi
620 2249 660 2310 iis
676 2269 745 2311 sese
757 2248 953 2333 junxerunt.
969 2285 1012 2295 —
1027 2243 1173 2330 Tametsi

54 2349 159 2433 Legati
169 2348 409 2434 praeviderent
423 2349 549 2411 exitum
563 2348 728 2428 sessionis,
754 2356 853 2432 atque
869 2346 1005 2411 ulterius
1019 2343 1173 2433 progredi

55 2451 247 2526 statuissent,
285 2456 397 2510 tamen
429 2447 540 2531 quieto
572 2441 637 2509 non
669 2455 763 2508 erant
791 2448 913 2527 animo,
953 2466 1055 2531 quum
1093 2442 1174 2526 ipsis

55 2545 215 2609 videretur
231 2568 249 2607 a
267 2544 419 2609 dissensu
435 2545 579 2607 nationis
596 2553 663 2606 tam
681 2542 919 2628 adspectabilis
932 2541 1172 2626 magnitudine,

54 2644 166 2725 pietate
191 2667 233 2708 ac
257 2644 418 2724 doctrina,
452 2641 631 2728 plurimum
666 2641 840 2725 dignitatis
865 2640 1013 2705 Concilio
1044 2638 1174 2723 illisque

56 2739 185 2805 decretis
212 2741 398 2804 detractum
423 2742 473 2804 iri.
506 2739 719 2824 Quapropter
735 2739 893 2803 Moronus
917 2740 1094 2825 praecipue
1118 2736 1173 2800 ad-

55 2835 154 2902 hibuit
178 2842 215 2902 in
232 2837 366 2922 publico
391 2847 558 2901 conventu
582 2861 621 2900 ac
645 2847 760 2923 postea
784 2841 818 2901 iu
834 2839 974 2923 privatis
990 2836 1172 2922 colloquiis,

56 2935 155 3000 officia
180 2937 235 3000 vel
259 2936 577 3000 maximestudiosa
601 2935 691 3020 apud
722 2937 876 2999 comitem
908 2936 948 3000 de
972 2935 1070 2998 Luna
1094 2932 1173 2999 Ora-

55 3040 147 3097 torem
172 3035 375 3119 Hispanum,
409 3055 473 3120 quo
507 3035 578 3118 ipse
603 3033 770 3098 solertiam
795 3055 926 3097 omnem
956 3032 1171 3118 impenderet,

55 3139 85 3191 ut
105 3135 280 3218 episcopos
305 3132 472 3217 Hispanos
496 3131 538 3194 ad
564 3153 735 3194 assensum
768 3143 924 3195 moveret.
972 3132 1042 3194 Nec
1065 3129 1172 3193 horta·

56 3240 158 3294 mente
190 3233 225 3294 in
260 3251 388 3294 cassum
419 3229 542 3293 abiere.
589 3229 755 3292 Lunensis
787 3231 910 3314 quippe
943 3238 1012 3292 tum
1038 3229 1171 3312 ingenio

55 3334 116 3389 tum
144 3329 307 3411 religione
332 3330 384 3391 vir
415 3330 567 3411 egregius
596 3327 842 3408 animadvertit,
876 3337 1036 3413 quantum
1071 3326 1105 3390 id
1129 3325 1172 3389 ad

56 3422 218 3491 Ecclesiae
242 3427 368 3491 bonum
393 3427 568 3507 conferret,
602 3436 634 3489 et
665 3426 877 3511 usqueadeo
902 3448 977 3489 suos
1001 3427 1173 3510 episcopos

56 3522 165 3587 iterum
191 3534 291 3610 atque
315 3527 434 3589 iterum
459 3525 599 3608 rogavit,
625 3534 661 3587 ut
684 3524 818 3588 tandem
844 3546 899 3587 cos
921 3523 1090 3602 flexerit.¹)

139 3624 213 3687 129.
245 3621 350 3687 Sessio
374 3624 621 3707 vigesimatertia
646 3620 786 3685 Concilii
812 3624 913 3705 igitur
937 3621 991 3685 die
1017 3620 1074 3684 15⁰
1089 3618 1171 3684 Julii

57 3736 82 3779 a.
97 3719 180 3783 1563
205 3719 330 3801 habita,
355 3731 388 3784 et
411 3720 562 3784 doctriua
587 3719 627 3782 de
651 3731 856 3783 sacramento
874 3718 1011 3783 Ordinis
1036 3718 1172 3781 definita

57 3823 110 3877 est.
155 3817 315 3881 Recitatis
339 3818 479 3882 decretis
503 3817 592 3899 fidei,
617 3838 731 3880 omnes
753 3817 996 3903 responderunt
1019 3837 1078 3899 per
1101 3837 1171 3879 ver·

58 3906 129 3975 bum
154 3913 273 3995 Placet,
308 3918 456 4001 exceptis
480 3925 609 3980 tantum
635 3937 693 3979 sex
717 3915 925 4000 praesulibus
956 3915 1012 3999 qui
1044 3913 1171 3999 aliquid

126 4143 146 4214 ¹)
165 4146 274 4214 Sarpius
293 4146 388 4200 scribit
406 4145 436 4206 L,
447 4146 518 4201 VIII
536 4146 570 4198 ad
589 4162 613 4201 a.
632 4147 702 4199 1563
721 4161 861 4198 numerum
880 4160 971 4198 eorum
990 4144 1036 4210 qui
1055 4143 1172 4211 oppositi

61 4217 162 4277 fueraut
173 4226 295 4280 Decretis
313 4227 396 4280 tuisse
416 4227 465 4294 28;
484 4241 624 4279 numerum
643 4240 735 4278 eorum
754 4226 798 4291 qui
819 4241 850 4279 ea
869 4223 1056 4292 approbabant
1076 4224 1135 4281 192.
