3034 4894
277 453 309 504 12
400 451 541 504 XXXVII.
560 451 600 504 De
619 451 707 504 initiis
725 468 756 505 ao
775 453 808 505 ‹le
826 467 937 523 propag.
957 451 1270 520 pseudoreformationis.

276 594 469 658 methodum
500 595 649 679 reliquit3
690 617 768 658 mox
800 618 876 659 vero
917 617 954 660 eo
988 598 1156 681 pervenit,
1194 606 1230 658 nt
1265 596 1404 660 nonnisi

275 692 454 777 Scripturis
490 695 550 756 niti
588 691 695 775 vellet,
733 716 753 756 a
787 693 942 758 Patribus
978 715 1067 773 vero,
1107 692 1319 757 Scholasticis
1358 715 1403 756 ac

274 789 452 874 Theologis
477 789 554 854 fidei
579 791 747 854 doctrinas
772 791 920 854 turbatas
945 813 1015 854 esse
1039 791 1266 876 proclamaret.

366 888 416 952 12.
450 888 692 951 Existimarunt
716 889 850 973 quidem
875 899 1024 952 auctores
1048 891 1132 951 varii
1157 892 1246 974 iique
1270 891 1401 971 coaevi,

275 986 478 1066 utPrierias,
504 986 622 1049 Emser
646 997 677 1050 et
695 985 889 1067 Cochlaeus,
914 986 1098 1049 Lutherum
1117 988 1247 1050 invidia
1271 997 1402 1050 motum
1514 1025 1515 1028 =

277 1094 389 1146 contra
428 1083 652 1168 indulgentias
690 1085 919 1165 insurrexisse,
967 1107 1006 1148 ac
1041 1083 1118 1147 dein
1157 1083 1199 1148 ad
1231 1085 1403 1148 doctrinas

275 1203 447 1266 perversas
493 1183 598 1264 magis
645 1184 816 1266 magisque
864 1184 1071 1266 processisse.
1132 1183 1197 1248 Sed
1245 1186 1403 1268 quamvis

275 1278 556 1363 indulgentiarum
593 1279 774 1365 publicatio
815 1303 844 1344 a.
880 1281 963 1344 1517
998 1283 1120 1344 occas-io
1153 1281 1269 1362 fuerit,
1309 1281 1402 1366 quod

274 1375 442 1440 Lutherus
492 1376 614 1442 luctam
670 1401 763 1442 suam
809 1379 974 1442 funestam
1021 1380 1198 1462 inciperet,
1253 1390 1403 1462 systema

275 1483 384 1537 tamen
412 1475 579 1539 Ecclesiae
612 1475 822 1560 dogmatibus
855 1477 1041 1561 oppositum
1068 1477 1139 1562 jam
1175 1487 1273 1541 antea
1308 1498 1403 1561 prae-

275 1570 485 1653 formaverat,
511 1575 556 1636 ita
581 1574 716 1659 quidem
740 1584 777 1637 ut
800 1596 875 1638 cum
900 1575 962 1638 hoc
979 1583 1156 1658 systemate
1173 1575 1402 1659 indulgentiae

124 1733 182 1770 mia
211 1742 257 1770 ao·
275 1669 463 1734 nullatenus
497 1673 674 1734 consistere
706 1681 848 1756 possent.
895 1674 1026 1737 dama.
1055 1672 1139 1737 1515
1165 1672 1332 1735 Lutherus
1365 1675 1400 1735 in

156 1807 166 1833 r
276 1791 425 1832 sermone
464 1769 625 1858 quodam¹
647 1792 718 1833 eam
756 1770 939 1834 doctrinam
976 1770 1197 1855 proponebat,
1232 1771 1400 1855 justitiam

277 1867 419 1931 hominis
451 1891 519 1931 esse
551 1879 734 1953 peccatum,
769 1878 800 1931 et
832 1867 893 1932 sub
918 1867 986 1932 alas
1012 1866 1146 1948 Christi,
1182 1871 1230 1931 uti
1254 1868 1401 1951 gallinae

275 1987 345 2029 esse
361 1965 629 2048 confugiendum.
679 1965 813 2048 Nolunt,
838 1968 976 2051 inquam,
1002 1967 1124 2044 andire,
1151 1967 1234 2050 pund
1250 1968 1401 2054 justitiae

277 2087 381 2126 eorum
400 2075 534 2149 peccata
557 2075 638 2145 sunt,
664 2089 742 2148 quae
766 2065 890 2149 pollina
914 2066 1062 2148 egeant.¹)
1111 2065 1210 2127 Anno
1237 2066 1399 2148 sequenti,

276 2184 377 2246 quum
403 2172 651 2246 promoveretur
674 2163 716 2225 ad
741 2163 863 2244 gradus
886 2162 1095 2225 academicos
1120 2161 1304 2246 discipulus
1329 2161 1401 2247 ejus

276 2259 550 2323 Bartholomaeus
584 2259 824 2340 Feldkirchen,
863 2260 918 2323 hio
954 2260 1120 2323 doctrinas
1152 2259 1291 2323 Lutheri
1333 2263 1401 2324 suis

276 2360 501 2442 propugnavit
524 2357 682 2422 thesibus.
725 2358 799 2437 Qua
824 2358 865 2421 de
888 2380 922 2421 re
940 2356 1056 2421 scribit
1079 2358 1149 2441 ipse
1164 2357 1332 2421 Lutherus
1357 2359 1401 2422 ad

276 2455 441 2539 Largium
469 2457 681 2540 professorem
708 2456 942 2520 Universitatis
966 2454 1207 2539 Tubingensis:
1242 2457 1291 2518 De
1314 2459 1400 2541 posi·

277 2556 361 2617 tione
393 2557 454 2616 imo
478 2553 588 2617 Barth.
615 2554 818 2617 Felddirelren
849 2553 929 2617 nilril
958 2564 1019 2631 est,
1057 2554 1140 2638 quod
1171 2554 1323 2616 mirentur
1356 2556 1403 2618 tui

281 2651 495 2715 Gabrielistae
520 2657 710 2733 (sectatores
734 2649 900 2714 Gabrielis
916 2651 988 2715 Biel
1009 2649 1229 2732 Scholastici),
1254 2675 1345 2736 quum
1373 2664 1403 2716 et

277 2752 337 2812 mei
359 2751 509 2838 larr'y'asque
532 2752 693 2814 artarentur.
742 2751 784 2812 Et
814 2750 939 2833 quidem
963 2751 1082 2833 positio
1107 2751 1180 2834 ipsa
1204 2771 1244 2811 eor
1267 2772 1314 2811 me
1337 2773 1402 2813 nou

276 2858 323 2911 est
344 2847 451 2932 facta,
482 2849 538 2910 ser]
561 2848 607 2910 M.
632 2845 893 2910 Bartholomaeus
922 2870 990 2910 eam
1022 2848 1066 2910 sie
1096 2849 1253 2933 conflauit,
1283 2847 1402 2910 seilicet

276 2955 377 3008 motas
401 2945 630 3008 oblatratorum
654 2945 820 3008 lectionum
842 2967 982 3007 mearam
1004 2946 1138 3028 garritu.
1179 2946 1290 3029 Itaque
1305 2946 1401 3030 fecit,

277 3055 312 3106 at
349 3045 444 3106 etiarn
483 3043 627 3128 (praeter
659 3044 800 3106 ordinem
837 3066 883 3106 me
911 3043 1132 3127 praesidente)
1168 3043 1293 3126 publice
1328 3045 1402 3106 leaeo

277 3142 506 3204 discuterentur
530 3141 574 3204 ad
598 3140 790 3203 obstruenda
815 3163 872 3203 ora
894 3141 1102 3222 garrientium
1130 3140 1179 3203 uel
1203 3141 1246 3203 ad
1270 3141 1401 3204 aradien-

278 3240 352 3301 dnm
383 3239 543 3326 judicium
580 3239 758 3319 ulterram-,b
812 3239 903 3300 Inter
941 3239 1180 3322 propositiones
1217 3241 1402 3323 propositas

277 3337 532 3400 fuerunt'istae:
560 3336 699 3419 „Hom0,
725 3334 858 3420 quando
883 3335 963 3398 facit
987 3335 1075 3420 quod
1092 3337 1134 3406 in
1159 3358 1192 3399 se
1209 3346 1259 3398 est
1275 3347 1402 3421 peceat,

279 3456 355 3497 cum
379 3456 441 3497 nec
466 3433 559 3515 velle,
585 3456 647 3497 neo
672 3435 817 3517 cogitare
842 3455 884 3496 ex
898 3435 1080 3517 sepossit.“
1109 3471 1146 3480 -
1176 3434 1283 3518 „Ergo
1309 3435 1402 3520 quid·

279 3531 359 3617 quid
383 3531 472 3612 facit,
505 3540 617 3595 utatur
639 3533 765 3595 ratione
790 3553 998 3616 quocumque
1023 3531 1130 3614 modo,
1163 3531 1274 3594 eliciat
1297 3543 1400 3614 actus,

278 3631 417 3713 imperet
448 3639 479 3692 et
508 3630 611 3692 faeiat
640 3640 744 3709 actus,
776 3631 847 3692 sine
870 3629 936 3693 lide
960 3638 1115 3713 operante
1148 3651 1206 3713 per
1229 3631 1400 3694 caritatem

279 3737 395 3813 peccat
433 3733 590 3811 semper.“
633 3765 675 3808 7-
714 3727 767 3792 Ex
805 3727 1082 3811 praelectionibus
1123 3738 1155 3789 et
1194 3727 1401 3790 sermonibus

279 3825 417 3888 Lutheri
442 3826 564 3909 pariter
588 3827 731 3888 citantur
755 3825 858 3888 multa
889 3826 1000 3903 effata,
1032 3847 1074 3888 ex
1092 3823 1225 3909 ¹quibus
1257 3835 1399 3907 systema

277 3923 397 3986 falsum
423 3922 463 3985 de
482 3922 721 4006 justificatione
746 3921 787 3986 ab
813 3945 850 3987 eo
877 3923 948 4008 jam
973 3923 1176 3986 elaboratum
1203 3930 1234 3984 et
1258 3923 1399 4007 proposi·

278 4031 349 4083 tum
381 4020 482 4082 fuisse
515 4030 615 4104 patet.
670 4021 707 4084 Ε.
739 4043 787 4104 g.:
822 4020 960 4102 „Omnis
986 4021 1096 4105 justus
1122 4019 1174 4083 vel
1198 4021 1285 4082 inter
1317 4020 1399 4083 liene

356 4166 374 4230 ¹)
393 4162 518 4227 Loseher,
537 4160 907 4225 Reformations-Urkundeu,
926 4162 948 4216 I.
969 4178 992 4229 p,
1013 4162 1072 4214 244.

353 4234 374 4304 ²)
394 4235 462 4288 Ibid.
482 4250 506 4301 p.
527 4234 587 4286 327.
