3288 4900
402 430 516 484 Consilii
536 430 660 497 periodus
679 430 771 486 tertia.
1096 434 1146 487 177

45 573 163 636 brachio
195 577 304 637 statim
336 574 482 637 futurum
516 596 598 658 opus
622 584 711 654 erat,
734 595 798 659 quo
823 575 1089 660 insculpereutur
1113 579 1146 640 in

43 694 126 756 opere
141 695 188 754 ea,
215 694 299 756 qnae
317 671 475 755 aSynodi
501 673 585 755 stylo
611 674 781 756 inscripto
806 673 938 736 fuerant
963 674 1145 758 designata.

44 769 252 848 Quamobrem
277 792 485 854 summopere
508 769 633 854 placuit
658 769 847 854 exemplum
872 765 994 835 decreti
1011 776 1145 838 missurn

42 869 231 948 aPontifice,
257 869 291 931 in
317 890 380 952 quo
405 868 652 931 renovabantur
677 890 775 951 super
800 868 849 932 his
868 870 962 953 jussa
987 869 1147 937 Concilio·

41 988 100 1027 rnm
132 987 364 1050 canonumque
395 967 617 1050 antiquorum,
649 976 681 1028 et
712 965 960 1030 adhibebantur
990 981 1147 1054 paternae

41 1065 268 1128 admonitiones
293 1061 646 1154 anathematum'loco.
688 1063 739 1126 De
764 1063 974 1146 dogmatibus
999 1069 1147 1132 nondum

41 1163 169 1226 definitis
193 1160 422 1246 spectantibus
446 1161 488 1223 ad
513 1163 751 1245 purgatorium,
776 1161 819 1224 ad
844 1162 1078 1248 indulgentias,
1103 1168 1146 1230 ad

41 1263 269 1325 invocationem
294 1258 492 1322 Sanctorum
526 1269 557 1322 et
587 1260 629 1322 ad
655 1260 826 1343 imagines,
860 1283 1057 1345 perpensum
1090 1275 1146 1343 est,

41 1358 127 1422 multa
149 1359 289 1444 reperiri
314 1358 348 1420 iu
373 1359 533 1420 anteactis
550 1355 722 1431 Consiliis;
748 1348 877 1442 aliquid
900 1368 1011 1423 tamen
1037 1361 1077 1424 de
1096 1362 1146 1425 his

40 1456 203 1520 dicendum
229 1478 310 1535 esse,
335 1457 429 1539 quasi
454 1455 496 1517 ad
513 1477 634 1539 pravas
651 1457 908 1519 consuetudines
924 1459 1146 1541 corrigendae.

40 1554 174 1618 Decretis
199 1554 416 1618 conficiendis
440 1555 541 1637 igitur
565 1576 683 1616 rnauus
707 1554 842 1617 admota
854 1554 927 1635 fuit,
952 1578 1013 1618 nec
1030 1579 1147 1641 parum

39 1652 161 1715 contulit
184 1652 228 1715 ad
247 1651 428 1715 sancienda
452 1650 607 1733 dogmata
632 1672 716 1735 quae
741 1664 935 1735 supererant
959 1652 1146 1719 adhibitum

39 1763 100 1812 ante
122 1750 250 1837 aliquot
273 1771 378 1813 annos
402 1749 547 1813 studium
572 1749 752 1830 Bononiae,
788 1749 867 1812 dum
898 1750 966 1814 illic
996 1753 1147 1818 exstabat

39 1845 177 1929 Synodus
203 1847 372 1910 translata.
398 1847 494 1910 Tunc
519 1848 607 1909 euim
633 1846 767 1910 habitae
791 1847 921 1911 fuerant
945 1851 1097 1914 assiduae
1117 1864 1149 1914 et

37 1948 241 2024 gravissimae
267 1945 506 2028 disputationes
531 1945 571 2030 de
596 1946 724 2007 cunctis
749 1945 896 2008 articulis
921 1946 1068 2010 nondum
1095 1949 1146 2012 de·

37 2040 150 2126 finitis,
174 2053 208 2107 et
239 2064 387 2106 summae
418 2043 745 2105 animadversionum
777 2052 809 2105 et
840 2046 1077 2109 sententiarum
1107 2047 1147 2110 de

37 2141 68 2202 iis
97 2142 235 2226 singulis
267 2143 301 2203 iu
327 2139 412 2203 Acta
443 2138 565 2202 relatae
591 2150 693 2202 erant.
743 2139 967 2220 Quamobrem
1000 2143 1034 2206 id
1059 2146 1146 2230 quod

37 2258 69 2299 ex
96 2261 211 2303 norma
241 2238 432 2323 hujusmodi
465 2240 610 2301 virorum
647 2250 679 2301 et
716 2249 896 2323 apparatus
927 2251 995 2303 tam
1020 2241 1147 2307 solertis

37 2358 111 2401 nunc
134 2341 234 2402 citius
259 2335 506 2417 conficiebatur,
530 2358 648 2400 revera
664 2359 725 2400 nec
741 2336 919 2421 indiligens
935 2337 1002 2401 dici
1021 2352 1148 2425 poterat

37 2453 86 2495 noc
108 2437 337 2520 improvisum.

113 2536 184 2600 139.
233 2534 337 2596 Nocte
366 2532 417 2597 30i
446 2531 646 2596 Novembris
677 2531 868 2596 tabellarius
899 2538 1052 2618 pervenit
1075 2537 1143 2600 Tri·
1163 2565 1314 2618 sessrovrgs.
1391 2618 1394 2622 Δ
1543 2519 1544 2523 ¹
1623 2528 1626 2597 l
1643 2577 1644 2614 ;

38 2627 167 2713 dentum,
194 2633 369 2710 nuntians,
390 2631 487 2694 Pium
504 2631 554 2694 lV
578 2631 774 2714 gravissimo
801 2629 916 2693 morbo
934 2631 1143 2716 decumbere,
1168 2629 1313 2679 mimula·

37 2737 118 2812 atque
142 2729 223 2794 inde
248 2731 387 2814 permoti
412 2738 489 2792 suut
509 2728 626 2811 Legati
651 2737 687 2791 ut
710 2731 889 2792 sessionem
913 2731 1144 2816 anticiparent,

37 2845 67 2887 ne
87 2839 190 2893 morte
211 2827 382 2891 Pontificis
405 2847 513 2890 novae
538 2825 750 2890 difficultates
775 2825 979 2891 conclusioni
1005 2827 1145 2894 Consilii

39 2922 228 2991 obvenirent.
285 2927 336 2988 Ita
369 2927 465 2988 sessio
496 2926 758 3009 vigesimaquarta
790 2935 821 2987 et
853 2924 970 2988 ultima
1003 2925 1144 2992 Consilii

38 3018 210 3088 Tridentini
246 3032 363 3108 coepta
388 3033 436 3085 est
460 3022 514 3086 die
538 3023 591 3104 3³⁰,
626 3021 777 3086 absoluta
814 3022 867 3085 die
890 3024 924 3086 4⁰
949 3025 1145 3091 Decembris

37 3122 170 3189 a1563.
211 3123 277 3184 Die
302 3120 342 3184 3ἰο
368 3120 564 3184 Decembris
589 3121 720 3184 decreta
745 3120 785 3183 de
808 3124 1006 3205 purgatorio,
1033 3123 1073 3186 de
1097 3125 1143 3210 iu-

36 3222 207 3301 vocatione,
233 3220 447 3282 veneratione
472 3228 504 3281 et
526 3218 676 3303 reliquiis
701 3216 897 3282 Sanctorum
923 3230 953 3282 et
979 3219 1019 3282 de
1043 3226 1144 3285 sacris

36 3312 223 3401 imaginibus
256 3318 392 3380 definita
424 3326 456 3380 et
487 3316 694 3401 promulgata
719 3326 811 3397 sunt3
846 3317 922 3380 dein
948 3316 1079 3380 decreta
1104 3319 1144 3382 de

35 3414 226 3495 regularibus
257 3425 289 3478 et
317 3414 526 3496 monialibus,
552 3414 695 3499 denique
719 3413 847 3477 articuli
872 3416 927 3499 qui
953 3427 1146 3497 supererant

36 3507 68 3571 de
88 3515 318 3578 reformatione
341 3513 497 3597 generali.
544 3513 583 3576 In
602 3534 740 3597 quorum
758 3512 857 3575 ΧΧΙυ
880 3534 973 3575 sacra
989 3512 1144 3597 Synodus

36 3605 213 3692 declaravit,
245 3613 356 3675 omnia
380 3633 465 3697 quae
490 3612 530 3675 de
555 3633 683 3674 morum
707 3611 940 3673 reformatione
972 3621 1070 3696 atque
1094 3634 1143 3676 ec-

35 3702 204 3774 clesiastica
229 3709 406 3794 disciplina
430 3719 498 3772 tam
523 3708 584 3772 sub
599 3708 702 3772 Paulo
720 3707 772 3772 III
796 3717 827 3770 et
850 3708 871 3772 J
875 3707 940 3770 ulio
956 3707 1017 3790 III,
1043 3732 1141 3793 quam

35 3803 162 3871 rubrio
188 3809 240 3871 IV
272 3817 394 3871 statuta
423 3809 457 3870 iu
489 3807 553 3871 hoc
579 3805 726 3870 Concilio
760 3806 900 3885 fueraut,
935 3806 980 3868 ita
1011 3805 1142 3871 decreta

33 3897 128 3984 fnisse,
156 3917 212 3984 „at
235 3907 270 3969 in
293 3907 341 3968 tis
365 3927 487 3990 sempor
510 3907 685 3969 auotoritas
710 3903 803 3967 Sedis
824 3902 1027 3987 Apostolicoo
1051 3904 1143 3968 solon

35 3998 69 4057 sit
103 4013 130 4064 ot
165 4025 231 4066 esse
268 4001 498 4087 intelligatur.“
555 4004 698 4066 Decreta
731 4002 807 4065 dein
839 4001 901 4064 fuit
937 4003 1141 4067 continuatio

36 4099 172 4163 sessionis
195 4123 254 4185 pro
280 4101 333 4164 die
358 4103 519 4186 sequenti.
545 4141 587 4147 —
612 4101 761 4185 Egressis
786 4122 803 4162 e
828 4101 972 4162 sessione
988 4101 1143 4164 Patribus

37 4198 141 4260 exarsit
165 4198 494 4262 vehementissimum
526 4199 736 4281 desiderium,
769 4209 805 4260 ut
835 4197 947 4281 aliqua
971 4197 1012 4260 de
1037 4197 1142 4261 indul-

77 4309 211 4367 Jungmaun,
229 4315 417 4355 Dissertationes.
434 4313 498 4355 Tom.
517 4316 568 4356 VII.
947 4305 981 4356 12
