2964 4912
298 467 351 520 342
552 465 623 520 XLI.
660 465 701 519 De
719 464 910 519 Declaratione
930 464 1001 518 Cleri
1021 463 1166 521 Gallicani.
1471 496 1474 537 Ι

1473 566 1474 587 i

298 619 347 673 est
379 611 413 673 in
447 610 637 672 certaminis
665 608 783 672 ardore
817 606 879 671 sibi
913 618 1113 692 temperare,
1151 609 1246 672 multi
1271 608 1300 674 S.
1323 607 1410 672 Sedis
1473 638 1474 668 l

298 708 398 770 amici
423 707 570 771 studium
594 706 861 771 Jansenistarum
878 705 1096 770 Alectensem
1130 715 1162 769 et
1185 705 1408 791 Apamiensem
1473 757 1474 795 ,

298 805 455 868 maximis
499 803 655 868 laudibus
700 802 960 884 cumulantium,
1008 803 1166 868 aemulari
1212 804 1410 868 videbantur.
1473 848 1474 872 .

297 902 386 967 Illud
410 903 499 969 enim
524 902 670 966 infausta
692 901 734 966 lis
761 903 987 965 tristissimum
1015 900 1143 986 habuit,
1169 902 1411 987 quodomnium
1473 877 1474 954 l

298 998 542 1085 quodammodo
563 999 693 1085 judicia
718 999 937 1085 perturbaret.
978 998 1061 1079 Quis
1078 1001 1166 1063 enim
1191 999 1262 1063 fieri
1277 1001 1413 1084 potuisse

298 1098 462 1179 crederet,
496 1107 534 1161 ut
565 1101 600 1161 in
625 1097 688 1162 bac
713 1119 813 1161 cause
846 1099 1031 1182 pertinaces
1064 1097 1247 1161 adversarii
1271 1097 1303 1162 S.
1328 1096 1414 1160 Sedis

293 1197 371 1282 jura
394 1204 580 1276 tuerentur,
617 1197 853 1281 impugnarent
883 1194 1004 1259 fervidi
1031 1193 1311 1259 Constitutionum
1339 1196 1414 1279 Apo·

299 1293 490 1358 stolicarum
515 1293 766 1374 defensores“¹).
1469 1307 1473 1391 ,³

389 1409 441 1473 31.
479 1408 612 1472 Litibus
643 1408 684 1471 de
714 1407 840 1491 regalia
875 1406 986 1471 adhuc
1020 1409 1160 1471 accessit
1189 1429 1288 1471 causo
1319 1431 1415 1470 61666-

230 1485 390 1570 ΜΟ’616611
417 1505 616 1590 Ueronensis,
642 1528 726 1592 quae
743 1527 872 1570 novam
893 1506 1065 1568 materiam
1091 1506 1288 1591 injustarum
1315 1528 1416 1592 quere·

297 1603 405 1669 larum
428 1606 498 1689 regi
530 1615 563 1668 et
585 1603 748 1688 regalistis
782 1613 896 1667 contra
920 1603 1153 1667 innocentium
1177 1603 1229 1667 XI
1260 1603 1416 1688 praebuit.

298 1703 338 1768 In
370 1701 528 1767 suburbio
552 1703 733 1766 Parisiensi
762 1700 930 1766 Charonea
961 1703 1048 1784 regis
1079 1703 1267 1787 propinqua
1298 1703 1415 1784 Marga-

297 1803 361 1865 rita
384 1801 599 1886 Lotharinga,
625 1800 757 1864 ducissa
781 1799 1043 1881 Aurelianensis,
1068 1801 1201 1865 61643
1225 1799 1419 1863 fundaverat

299 1898 435 1963 domum
460 1897 733 1983 Congregationis
756 1898 794 1962 B.
820 1899 864 1963 M.
889 1897 932 1962 V.
957 1896 1094 1963 Ordinis
1117 1921 1141 1962 s.
1165 1897 1360 1982 Augustini,
1376 1899 1418 1960 ci·
1468 1884 1473 1949 ἱ

299 2019 362 2083 que
386 1996 620 2080 Magdaleuam
654 1997 835 2083 quamdam
866 1997 1056 2080 religiosam
1083 2005 1243 2082 perpetuo
1274 2017 1419 2080 praeesse

298 2095 458 2160 voluerat.
504 2095 544 2159 Id
569 2095 704 2181 quidem
729 2096 893 2158 concessit
909 2093 1101 2158 Alexander
1116 2094 1199 2168 VII;
1226 2094 1290 2158 hac
1315 2104 1418 2158 tamen

296 2192 389 2277 lege,
413 2201 450 2255 ut
472 2191 673 2276 Magdalena
697 2191 855 2255 defuncta
879 2213 921 2254 ex
944 2191 1077 2276 regulae
1101 2195 1307 2277 praescripto
1333 2193 1419 2256 tertio

299 2311 430 2376 quoque
463 2312 549 2354 anno
583 2291 731 2354 antistita
764 2289 879 2355 domui
911 2288 1076 2373 regendae
1109 2289 1295 2373 eligeretur.
1347 2289 1418 2354 Cou-

299 2387 433 2452 cordato
458 2388 547 2450 enim
563 2389 643 2452 anni
662 2387 747 2451 1516
771 2408 830 2472 pro
848 2388 1056 2450 monasteriis
1079 2386 1256 2452 mulierum
1272 2390 1345 2472 regi
1363 2409 1419 2452 666
1471 2454 1475 2467 ,

299 2506 493 2548 concessum
516 2485 625 2549 fuerat
648 2484 737 2570 quod
761 2506 820 2570 pro
844 2483 989 2548 abbatiis
1013 2485 1253 2550 monachorum
1278 2486 1420 2550 obtinue-

299 2592 360 2664 rat,
386 2591 421 2645 ut
438 2580 594 2646 videlicet
617 2582 756 2647 abbates
779 2583 975 2648 nominaret.
1016 2581 1083 2646 Sed
1107 2605 1210 2668 quum
1226 2583 1421 2668 Magdalena

299 2702 329 2744 a.
357 2680 441 2743 1673
466 2690 570 2743 morte
594 2679 726 2743 sublata
750 2689 843 2761 esset,
869 2678 1023 2744 monialis
1047 2680 1185 2746 Ordinis
1210 2705 1234 2748 s.
1251 2681 1418 2746 Benedicti

300 2778 354 2840 cui
379 2799 500 2841 nomen
523 2779 631 2841 Maria
656 2777 697 2841 de
720 2778 894 2859 Kerven0,
920 2787 1017 2841 antea
1041 2777 1211 2842 abbatissa
1237 2779 1419 2843 monasterii

300 2873 475 2957 d'Estival,
499 2875 612 2939 domui
633 2874 815 2940 Oaronensi
840 2899 859 2939 a
883 2897 960 2960 rege
984 2875 1175 2961 praeficitur
1199 2888 1230 2940 et
1255 2877 1299 2941 ab
1325 2876 1418 2941 archi·

300 2975 454 3059 episcopo
487 2972 528 3037 de
552 2973 681 3058 Harlay
705 2972 908 3058 installetur,
946 2982 1061 3038 contra
1092 2976 1265 3060 utriusque
1290 2975 1419 3040 Ordinis

298 3070 405 3154 leges,
430 3091 532 3155 quum
557 3093 665 3157 neque
689 3071 732 3134 ad
755 3070 917 3135 laxiorem
942 3069 1103 3136 Ordinem
1127 3074 1285 3153 transire,
1321 3093 1418 3158 neque
1480 3077 1481 3102 l

299 3167 347 3232 ibi
381 3170 463 3232 citra
496 3169 691 3233 electionem
724 3171 873 3254 regimen
907 3168 1055 3233 obtinere
1089 3178 1209 3254 posset.
1265 3169 1419 3234 Meniales

299 3267 491 3329 restiterunt
515 3275 547 3330 et
569 3276 769 3352 protestatae
794 3277 885 3349 sunt;
911 3267 1030 3330 mulier
1054 3289 1131 3330 vero
1157 3269 1278 3352 petivit
1302 3291 1321 3333 a
1344 3269 1418 3332 Pon·

299 3363 406 3446 tifice,
443 3372 479 3426 ut
510 3363 574 3428 sibi
607 3366 778 3450 utriusque
802 3367 850 3428 rei
883 3373 1028 3450 potestas
1056 3365 1164 3445 tieret,
1202 3365 1262 3430 sed
1296 3367 1417 3429 frustra.

299 3461 481 3547 Postquam
504 3484 564 3547 per
586 3471 652 3526 tres
668 3483 773 3526 annos
797 3463 995 3527 monasterio
1017 3463 1212 3526 auctoritate
1227 3465 1320 3546 regia
1337 3484 1417 3548 prae-

300 3560 373 3641 nsit,
398 3583 426 3624 a.
452 3560 536 3624 1677
562 3570 691 3625 mortua
715 3568 774 3627 est.

390 3675 442 3741 32.
482 3675 578 3740 Tunc
601 3697 661 3738 rex
684 3674 871 3738 nominavit
898 3675 1080 3737 antistitem
1106 3685 1301 3761 perpetuam
1325 3675 1414 3740 aliam

302 3770 480 3836 monialem
520 3769 657 3837 Ordinis
691 3772 937 3851 Cisterciensis,
978 3771 1174 3855 Angelicam
1207 3774 1257 3837 Le
1289 3775 1415 3843 Mattre;
1481 3770 1482 3775 ’

302 3891 401 3954 quam
425 3869 695 3955 archiepiscopus
727 3891 857 3955 queque
883 3871 1082 3933 Parisiensis
1114 3873 1311 3935 monasterio
1335 3892 1413 3956 prae·

376 4142 689 4199 1106116611616666616
717 4145 748 4200 Τ.
768 4145 789 4202 Ι.
815 4145 980 4199 Dissertatio
1005 4145 1038 4197 de
1057 4145 1181 4200 comitiis
1200 4147 1273 4201 Cleri
1292 4141 1412 4200 Gallicani
1481 4138 1482 4141 ’

302 4239 327 4275 6.
347 4223 414 4276 1681
436 4225 560 4278 611682.
579 4240 604 4291 p.
624 4225 685 4278 808.
