2964 4912
302 464 356 517 370
559 462 631 519 XLI.
668 463 708 517 De
727 461 916 517 Declaratione
935 463 1006 518 Cleri
1024 462 1167 519 Gallicani.

303 631 397 692 quem
429 607 602 672 decernere.
658 606 732 670 Non
766 608 920 692 imposita
959 607 1022 670 fuit
1061 608 1220 692 professio
1255 607 1411 693 explicita,

303 707 428 770 decreta
466 729 491 770 s.
530 704 608 770 Sodi
646 705 806 790 injuriosa
845 704 995 769 conlecta
1037 705 1159 785 fuisse,
1204 716 1236 771 et
1276 708 1413 791 episcopi

303 803 484 887 designati,
521 813 558 868 ut
581 803 729 885 videtur,
765 802 896 867 facilius
929 812 1109 888 potuerunt
1135 803 1246 868 dicere
1280 814 1415 868 mentem

303 903 449 987 ipsorum
473 923 539 966 non
563 901 664 965 fuisse
688 901 871 986 quidquam
896 900 1082 982 decernere,
1110 902 1189 986 quia
1213 903 1246 966 in
1273 899 1416 965 Comitiis

242 1081 245 1092 ὅ
302 1023 331 1065 a.
359 999 444 1064 1682
475 1001 538 1085 ipsi
563 1008 657 1063 erant
685 1008 722 1062 ut
745 997 931 1062 secerdotes
963 998 1101 1062 secundi
1124 999 1266 1080 ordinis,
1303 1000 1416 1084 quibus

298 1098 354 1182 jus
378 1099 528 1181 suffragii
552 1097 741 1161 definientis
764 1098 958 1182 ademptum
982 1106 1062 1161 6161.

158 1195 264 1245 ‘blm
391 1195 445 1260 63.
492 1195 604 1259 Etiam
627 1218 687 1258 rex
711 1195 905 1259 Ludovicus
927 1194 1012 1258 XIV
1045 1195 1162 1259 eodem
1186 1195 1240 1259 die
1267 1196 1326 1260 14⁰
1349 1194 1418 1280 Sep·

179 1259 245 1308 '⁰⁸⁵⁸'
302 1291 438 1356 tembris
462 1315 491 1358 6.
519 1293 603 1358 1693
627 1290 754 1356 11116166
778 1293 910 1378 scripsit
937 1292 981 1356 ad
1004 1292 1192 1356 Romanum
1215 1293 1418 1370 Pontificem,
1474 1281 1475 1316 l

302 1391 423 1477 quibus
437 1391 585 1455 Edictum
601 1389 643 1454 ab
657 1392 727 1475 ipso
740 1400 933 1454 revocatum
947 1412 1017 1454 6666
1031 1393 1060 1454 61
1074 1392 1260 1455 annuntiat.
1287 1391 1419 1457 Scribit:

305 1487 621 1571 „Tres-SaintPere,
646 1489 713 1554 J'ai
736 1490 884 1575 toujours
908 1489 1081 1575 beaucoup
1106 1490 1224 1574 cepere
1250 1487 1420 1552 (16161161-

301 1588 408 1650 tation
433 1586 475 1650 de
497 1587 599 1651 Votre
624 1586 774 1652 Saintete
805 1610 847 1651 au
872 1587 1044 1671 pontificat
1067 1608 1150 1671 pour
1173 1586 1362 1669 l’avantage
1386 1585 1422 1648 de

301 1683 439 1769 l'Eglise
472 1695 504 1748 et
538 1684 783 1750 l’avancement
818 1685 859 1749 de
894 1694 988 1749 notre
1021 1686 1127 1749 sainte
1159 1684 1314 1768 religion.
1361 1684 1421 1750 J’ai

303 1784 452 1866 eprouve
483 1784 692 1848 maintenant
720 1783 768 1848 166
792 1785 885 1848 effets
908 1805 990 1848 avec
1014 1783 1094 1847 bien
1126 1783 1222 1847 (1616
1248 1783 1321 1869 joie
1346 1783 1423 1847 dans

302 1891 374 1944 tout
398 1903 435 1944 66
459 1904 522 1967 que
539 1881 641 1946 Votre
656 1881 833 1946 Beatitude
856 1882 917 1946 fcit
941 1882 982 1947 (16
1002 1882 1109 1966 grand
1132 1891 1165 1946 et
1181 1881 1421 1965 d'avantageux

302 2001 387 2065 pour
416 1979 446 2042 le
470 1979 548 2043 bien
581 1980 622 2044 de
645 1978 734 2044 l'une
759 1989 791 2043 et
815 1980 856 2044 de
879 1979 1005 2046 l'autre.
1055 1978 1134 2044 Cela
1165 1979 1328 2044 redouble
1353 2001 1422 2044 mon
1475 1995 1476 2030 1

302 2087 432 2162 respect
455 2077 535 2141 filial
558 2100 677 2142 envers
697 2079 802 2141 Votre
827 2077 984 2158 Saintete,
1011 2087 1052 2160 et,
1078 2098 1205 2141 comme
1224 2078 1260 2163 je
1286 2077 1423 2141 cherehe

303 2176 345 2240 de
378 2174 424 2237 lui
455 2175 536 2238 faire
571 2181 741 2240 connaitre
775 2198 835 2260 par
867 2175 914 2239 les
947 2175 1020 2261 plus
1053 2176 1153 2239 fortes
1186 2197 1334 2260 preuves
1368 2197 1423 2261 que

297 2273 370 2358 j'en
395 2274 470 2358 puis
494 2272 631 2354 donner,
651 2276 686 2358 je
711 2274 778 2337 suis
795 2273 873 2337 bien
897 2275 965 2337 eise
990 2273 1031 2337 de
1055 2273 1137 2337 faire
1154 2275 1265 2338 savoir
1290 2276 1422 2338 bVotre

304 2369 451 2434 Saintete
482 2393 545 2457 que
572 2372 633 2457 J'ei
659 2372 769 2435 donne
801 2370 847 2435 les
872 2371 984 2435 ordres
1013 2373 1216 2435 neccssaires
1248 2393 1337 2455 pour
1368 2394 1422 2457 que

303 2467 350 2532 les
382 2468 497 2532 choses
528 2479 707 2534 contenues
739 2470 822 2533 dans
853 2491 930 2534 mon
961 2469 1032 2533 edit
1063 2469 1108 2532 du
1140 2469 1182 2532 22
1206 2467 1299 2532 Μ616
1335 2470 1422 2547 1682.

304 2566 465 2630 touchant
488 2566 519 2630 la
542 2567 759 2631 Declaration
783 2567 862 2630 faite
887 2589 948 2651 par
970 2565 999 2630 16
1024 2565 1141 2650 Clergb
1165 2566 1206 2630 de
1230 2567 1381 2648 France,
1407 2567 1424 2628 ‘a

306 2665 384 2749 quoi
407 2662 454 2728 les
478 2665 708 2751 conjonctures
738 2666 871 2749 passees
895 2664 1075 2728 m'avaient
1098 2663 1220 2748 obligo,
1257 2687 1303 2728 ne
1328 2667 1424 2729 soient

308 2784 366 2847 pas
399 2762 604 2828 6116611666.ιι
614 2764 638 2844 1)
686 2762 783 2826 Hane
814 2762 986 2847 epistolam
1023 2784 1083 2825 rex
1115 2764 1213 2826 etiam
1247 2764 1424 2827 transmisit

305 2859 506 2944 praesidenti
530 2860 732 2924 Parlamenti
762 2860 802 2924 de
827 2860 973 2944 Herlay,
1007 2882 1157 2924 asserens
1189 2882 1223 2924 se
1248 2861 1338 2925 velle
1360 2882 1422 2945 pro·

306 2959 415 3021 missis
439 2959 506 3022 suis
537 2968 633 3022 stare.
680 2957 731 3022 Ac
755 2979 871 3021 revera
896 2957 1089 3022 Ludovicus
1117 2959 1189 3044 jam
1213 2959 1341 3023 exinde
1366 2980 1422 3022 non

308 3055 422 3135 voluit,
448 3064 484 3118 ut
507 3056 655 3119 Edictum
678 3064 776 3120 antea
800 3055 914 3119 datum
940 3057 1075 3120 effectus
1100 3077 1175 3120 suos
1199 3055 1352 3123 haberet.

395 3180 446 3245 114.
495 3181 562 3244 1616
585 3189 697 3243 tamen
721 3182 909 3245 retractatio
933 3181 1019 3264 regis
1052 3202 1169 3265 parum
1195 3181 1336 3266 vulgata
1359 3183 1422 3255 fuit,

304 3287 338 3339 et
371 3279 524 3362 quamvis
561 3277 697 3363 legistae
729 3280 811 3362 regii
846 3279 918 3364 jam
951 3300 1018 3342 non
1051 3288 1298 3363 exequerentur
1320 3281 1422 3345 Edisti

305 3374 470 3455 articulos,
496 3387 658 3461 quatenus
674 3375 731 3439 tali
747 3374 867 3440 Edicto
887 3378 1005 3440 sanciti
1022 3387 1125 3457 erant,
1149 3386 1262 3441 tamen
1281 3380 1324 3442 iis
1331 3378 1422 3464 plane

303 3470 427 3535 similia
456 3473 623 3556 fecerunt,
660 3483 697 3538 ut
726 3484 917 3558 praetensae
947 3473 1116 3538 libertates
1140 3473 1335 3540 Gallicanas
1363 3486 1422 3538 tue·

306 3579 429 3635 rentur.
476 3571 563 3636 Vere
588 3573 708 3636 mirum
733 3582 792 3654 est,
817 3582 940 3658 quanta
964 3573 1086 3636 astutia
1109 3575 1219 3636 statim
1240 3574 1422 3638 invenerint

306 3668 453 3751 modum,
470 3669 674 3735 utEdictum
689 3671 825 3756 quidem
842 3670 1004 3735 haberent
1019 3679 1224 3751 revocatum,
1242 3673 1303 3736 sed
1316 3671 1420 3737 nihilo-

307 3767 417 3829 minus
459 3768 643 3832 doctrinam
680 3769 899 3834 orthodoxam
935 3791 1058 3833 vexare
1093 3779 1236 3854 possent.
1293 3771 1421 3855 Scripsit

308 3862 394 3928 illico
428 3865 469 3929 de
493 3866 621 3952 Harlay
654 3868 708 3931 die
741 3867 801 3932 24⁰
833 3865 1036 3951 Septembris
1068 3889 1098 3932 a.
1135 3867 1220 3931 1693
1254 3868 1418 3932 6661616116

306 3962 402 4045 regie,
428 3965 540 4027 comiti
565 3964 605 4028 de
629 3964 902 4029 Pontchartrain:
938 3965 1114 4047 „Je'vous-
1132 3964 1261 4050 supplie
1288 3966 1328 4029 de
1351 3964 1419 4028 m’e

382 4230 402 4298 ¹)
421 4230 454 4287 V.
474 4228 583 4284 Collect.
603 4230 714 4288 Lacens.
733 4231 764 4288 Τ.
785 4231 806 4285 Ι.
826 4247 851 4298 p.
871 4230 932 4288 835.
