2964 4912
431 481 628 536 Declarationis
646 480 778 548 sequelae.
1114 476 1165 532 369

57 628 180 709 darent,
216 626 576 690 utsatisfaotionem
567 626 631 710 1psi
664 633 870 710 praestarent
901 625 1165 690 convenientem
1188 623 1258 662 Βῦῦ
1209 622 1330 724 “ww

55 725 90 788 lu
112 724 173 788 hac
197 722 344 810 epistola,
370 723 401 789 d.
417 723 448 789 d.
467 724 526 787 14⁰
542 721 746 808 Septembris
772 721 901 804 1693,·
893 732 943 785 rut
944 745 979 786 er
930 721 1060 786 talia
1084 722 1167 786 haec

54 823 226 886 habentur.
265 820 377 905 ,Nihil
408 821 560 885 accidere
592 819 761 884 molestius
793 818 875 882 mihi
907 822 1032 904 potuit,
1068 841 1167 933 quam

54 921 135 1005 quod
166 941 204 984 eo
235 871 418 983 etiamnum
449 939 501 982 res
525 939 618 982 meae
651 920 732 999 sint,
765 926 801 980 ut
788 917 895 981 tadit
882 926 934 981 tus
965 920 998 982 in
1027 921 1168 1002 gratiam

54 1018 238 1082 sanctitatis
254 1017 393 1081 Vestrae
418 1016 500 1080 mihi
524 1005 698 1080 hactenus
710 1014 908 1079 interclusus
924 1014 1172 1101 quodammodo
1231 1077 1236 1092 ,

53 1116 208 1181 videatur.
242 1113 359 1200 'Cujus
383 1114 518 1200 quidem
549 1116 597 1177 rei
631 1137 706 1178 cum
731 1136 805 1178 eam
828 1115 990 1177 rationem
1015 1136 1167 1199 percepe-

52 1217 126 1294 rim,
159 1212 249 1299 quod
282 1234 342 1296 ego
368 1210 455 1276 Cleri
480 1209 645 1275 Gallicani
670 1210 822 1275 Comitiis
857 1233 885 1277 a.
914 1211 999 1275 1682
1032 1211 1173 1275 Parisiis

52 1311 167 1376 habitis
192 1310 416 1392 interfuerim,
442 1309 566 1373 idcirco
591 1309 634 1373 ad
658 1309 759 1394 pedes
782 1309 1006 1373 Beatitudinis
1030 1309 1168 1374 Vestrae

52 1410 239 1495 provolutus
272 1408 426 1494 profiteor
460 1431 500 1471 ac
525 1407 673 1491 declaro,
710 1429 763 1471 me
787 1406 1001 1471 vehementer
1033 1405 1167 1492 quidem

52 1518 80 1570 et
107 1529 206 1592 supra
235 1527 332 1569 omne
364 1505 399 1569 id
429 1505 519 1591 quod
549 1505 615 1570 dici
645 1515 754 1590 potest
784 1527 826 1568 ex
857 1507 955 1570 corde
987 1504 1096 1569 dolere
1127 1505 1170 1569 de

51 1607 143 1670 rebus
165 1606 269 1690 gestis
293 1605 328 1667 iu
351 1603 502 1667 Comitiis
525 1602 704 1688 praedictis
729 1623 813 1688 quae
835 1603 1010 1668 Sanctitati
1027 1604 1172 1666 Vestrae

52 1714 80 1766 et
101 1703 250 1790 ejusdem
275 1700 591 1765 Praedecessoribus
615 1723 823 1786 summopere
848 1701 1104 1786 displicuerunt,
1129 1723 1170 1764 ac

50 1802 182 1888 proinde
218 1800 381 1886 quidquid
405 1801 441 1863 in
464 1798 581 1863 iisdem
607 1799 759 1864 Comitiis
793 1801 881 1864 circa
911 1799 1170 1864 ecclesiasticam

50 1909 240 1984 potestatem
277 1906 309 1960 et
341 1897 547 1982 pontificiam
578 1901 810 1963 auctoritatem
842 1899 1011 1963 decretum
1042 1901 1170 1962 censeri

50 2000 168 2082 potuit,
194 2017 346 2082 pronon
371 1997 502 2060 decreto
526 1996 633 2061 habeo
658 2006 691 2061 et
714 1996 906 2061 habendum
931 2019 1002 2061 esse
1026 1996 1168 2061 declaro.

50 2096 220 2160 Praeterea
252 2115 311 2178 pro
345 2116 412 2158 uon
437 2093 617 2158 deliberato
651 2094 758 2159 babeo
782 2095 864 2160 illud
897 2095 986 2181 quod
1010 2097 1045 2159 in
1077 2117 1168 2180 prae-

46 2194 207 2278 judicium
235 2193 363 2277 jurium
387 2191 612 2256 Ecclesiarum
637 2192 856 2257 deliberatum
885 2195 1011 2257 censeri
1043 2195 1168 2278 potuit,

50 2314 135 2356 mens
165 2312 242 2354 mea
274 2310 393 2373 nempe
427 2310 493 2352 nou
526 2290 588 2352 fuit
621 2290 794 2374 quidpiam
824 2289 1018 2372 decernere,
1052 2301 1085 2354 et
1107 2291 1169 2354 Ec·

50 2389 151 2455 cleaiis
182 2387 363 2474 praedictis
386 2386 631 2471 praejudicium
655 2388 794 2469 inferre3
830 2397 1001 2473 promptus
1030 2411 1109 2453 sane
1133 2390 1166 2451 in

49 2489 172 2571 insigne
210 2484 462 2570 profundissimi
499 2484 649 2571 obsequii
693 2485 782 2571 quod
817 2484 994 2550 sanctitati
1030 2487 1168 2551 Vestrae
1203 2542 1210 2568 ,

48 2586 199 2669 profiteor
232 2594 264 2647 et
297 2583 461 2646 demissae
484 2585 691 2646 reverentiae
715 2585 853 2668 pignus,
889 2586 935 2649 ita
958 2606 1011 2647 me
1043 2606 1169 2668 gerere,

49 2693 81 2745 ut
103 2683 144 2746 de
168 2680 284 2746 debita
300 2702 383 2762 mea,
409 2701 509 2765 quam
533 2680 577 2743 ad
602 2690 786 2745 extremum
802 2684 891 2746 vitae
906 2704 999 2746 meae
1015 2683 1168 2767 spiritum

49 2777 220 2844 Sanctitati
245 2778 386 2842 Vestrae
410 2779 652 2863 impensissime
676 2779 866 2863 praestabo,
897 2779 1103 2861 obedientia,
1136 2789 1172 2843 et

49 2877 85 2940 de
101 2898 174 2941 meo
200 2898 258 2961 pro
273 2875 407 2938 tuendis
421 2873 648 2939 Ecclesiarum
666 2877 801 2961 juribus
817 2877 897 2959 sele,
921 2877 1005 2942 nihil
1019 2899 1169 2962 unquam

47 2977 146 3059 possit
169 2973 416 3055 desiderari“.¹)

133 3091 186 3157 62.
235 3087 441 3153 Studueruut
464 3088 577 3174 aliqui,
602 3098 639 3152 ut
662 3089 859 3173 Bossuetus,
883 3090 970 3155 hanc
994 3090 1167 3176 epistolam

48 3189 205 3254 exhibere
228 3197 265 3252 ut
288 3186 407 3269 talem,
433 3188 467 3250 in
492 3209 557 3272 qua
580 3186 672 3251 nulla
696 3189 738 3251 sit
761 3191 966 3271 retractatio,
1001 3189 1058 3253 sed
1082 3212 1166 3275 quae

48 3288 86 3350 sit
108 3289 216 3351 instar
238 3285 386 3349 urbanae
411 3284 613 3349 deferentiae
636 3294 784 3368 tantum3
808 3286 883 3368 alii,
908 3295 944 3349 ut
968 3285 1008 3350 de
1032 3286 1167 3350 Maistre

48 3386 109 3467 (De
132 3384 271 3469 l’Eglise
296 3381 501 3470 Gallicane),
527 3386 667 3447 nimium
691 3385 775 3462 forte
799 3394 917 3469 urgent
940 3406 1071 3449 sensum
1097 3403 1184 3449 ver-'

47 3479 162 3546 borum
187 3481 276 3545 illius
301 3481 467 3567 epistolae.
515 3482 729 3547 Manifestum
754 3492 820 3566 est,
853 3482 968 3547 haberi
992 3485 1026 3551 in
1051 3482 1167 3546 eadem

47 3601 158 3644 veram
182 3581 440 3643 retractationem
471 3600 584 3643 eorum
618 3602 703 3664 quae
735 3590 828 3665 gesta
855 3590 965 3662 erant,
1000 3589 1100 3667 atque
1132 3583 1167 3645 in

47 3676 107 3741 hac
129 3700 166 3742 re
191 3678 372 3741 satisfactio
397 3675 562 3762 quaedam
580 3677 714 3762 publico
745 3701 769 3745 s.
795 3677 872 3742 Sodi
897 3702 939 3742 ex
962 3688 1054 3764 parte
1079 3676 1165 3742 Cleri

47 3774 212 3840 Gallicani
236 3777 393 3859 praestita
425 3774 665 3840 continebatur.
712 3775 865 3861 Mitigata
889 3786 1000 3840 tamen
1025 3778 1165 3860 sapienti

47 3872 254 3956 indulgentia
277 3882 347 3937 erat
370 3873 476 3936 forma
500 3895 559 3957 per
575 3873 678 3936 verba
701 3872 758 3936 illa
782 3876 902 3938 censeri
919 3876 1036 3960 potuit,
1061 3883 1093 3936 et
1108 3895 1174 3958 per.

48 3971 225 4035 admissam
255 3970 530 4035 declarationem:
560 3993 644 4034 meos
667 3994 736 4034 mccc
759 3993 867 4057 nempe
889 3995 955 4036 nou
976 3971 1049 4057 fcit
1077 3973 1167 4056 qaid-

122 4228 141 4297 ¹)
160 4229 195 4282 V.
213 4228 321 4282 Colleot.
340 4227 450 4282 Laceus.
470 4227 500 4281 T.
521 4228 541 4280 Ι.
561 4243 586 4294 p.
605 4227 667 4283 835.

100 4346 240 4395 Jungmann,
254 4346 443 4397 Dissertationes,
457 4346 578 4385 Tom.VII.
