2964 4912
303 461 356 517 374
559 458 631 515 XLI.
668 459 708 512 De
726 458 918 514 Declaratione
936 457 1009 512 Cleri
1028 456 1169 514 Gallicani.

161 606 268 711 13¹1}szss
305 612 337 667 et
360 605 430 690 ipse
462 601 607 668 fovebat.
655 601 754 667 Unde
787 602 847 665 etsi
877 600 1057 666 admodum
1091 611 1278 686 exoptaret,
1313 613 1349 666 ut
1377 603 1413 667 ad

254 697 259 708 '
304 699 572 766 conciliationem
597 722 672 764 cum
697 698 782 764 Sede
806 698 998 784 Apostolica
1021 700 1176 784 prudenti
1201 701 1416 766 moderatione

303 801 549 886 perveniretur,
585 808 759 883 praetensa
789 807 900 862 tamen
930 798 1017 880 regis
1043 797 1121 882 jura
1151 807 1183 862 ct
1213 801 1418 885 opinamenta
1467 780 1468 868 l

303 896 360 962 illa
384 895 560 962 Gallicana
590 895 715 960 tuenda
746 917 816 960 esse
847 894 1069 960 existimabat.
1115 895 1167 960 Ita
1198 898 1232 961 in
1258 919 1358 962 causa
1383 897 1418 961 de

303 993 437 1079 regalia,
462 995 505 1059 ad
524 994 581 1080 jus
597 995 684 1079 regis
708 1016 781 1058 eam
796 994 971 1078 pertinere,
997 991 1183 1080 Sedemque
1200 994 1417 1080 Apostolicam

303 1092 395 1158 falsis
419 1091 561 1178 querelis
586 1094 848 1156 circumventam
883 1112 952 1153 esse
977 1091 1172 1174 censebat.¹)
1220 1092 1340 1172 Quoad
1363 1094 1418 1157 Dc·
1468 1133 1469 1136 =

304 1190 518 1255 clarationem
553 1189 640 1254 Cleri
674 1187 841 1253 Gallicani
880 1198 912 1252 et
945 1188 1182 1275 subsequentes
1215 1190 1422 1254 difficultates

304 1290 427 1375 pariter
451 1299 519 1373 pro'
534 1285 747 1372 opinionibus
771 1287 839 1350 suls
862 1287 948 1371 regis
972 1295 1081 1371 partes
1096 1290 1213 1353 tenuit.
1252 1287 1419 1352 Caeterum

303 1396 415 1450 681666
450 1385 593 1450 Comitia
626 1383 714 1448 Oleri
755 1384 871 1449 eadem
907 1386 1033 1448 ratione
1075 1385 1241 1450 celebrata
1280 1387 1420 1467 fuissent,

305 1485 433 1548 etiamsi
454 1471 682 1548 Δ(116666616666,
730 1480 843 1546 Facile
876 1484 965 1546 enim
990 1481 1155 1547 Gallicani
1186 1484 1326 1549 consilia
1357 1507 1424 1548 con·

304 1582 517 1646 fessariorum
542 1583 576 1644 in
594 1578 670 1645 aula
686 1580 853 1644 Ludcvici
870 1580 952 1644 XIV
971 1579 1188 1662 eludebantl)
1228 1581 1423 1648 Confessarii

305 1701 440 1765 operam
473 1700 569 1764 porro
604 1699 671 1742 non
695 1677 839 1742 defuisse
875 1687 912 1740 ut
943 1678 1112 1764 aliquanto
1146 1689 1219 1765 post
1253 1682 1427 1745 concordia
1470 1663 1471 1668 ¹

306 1799 382 1841 cum
407 1777 492 1842 Sede
516 1776 710 1862 Apostolica
741 1777 986 1858 restitueretur,
1022 1798 1081 1861 pro
1115 1777 1185 1863 ejus
1220 1778 1334 1842 indole
1366 1801 1426 1864 qua

305 1875 567 1940 moderationem
583 1873 780 1959 prudentem
796 1875 918 1959 passim
937 1875 1201 1959 commendabat,
1224 1879 1343 1940 merito
1360 1900 1426 1962 sup·

306 1973 498 2058 ponendum
523 1982 580 2040 est.
1045 1973 1046 1982 ’

397 2090 450 2155 61.
490 2089 556 2154 Sed
580 2089 651 2152 fieri
668 2110 735 2154 non
759 2089 876 2173 potuit,
902 2089 984 2173 quin
1007 2088 1178 2152 tendentia
1197 2088 1255 2153 1118
1268 2090 1427 2174 generalis

307 2191 341 2254 in
359 2188 489 2253 Galliae
507 2187 601 2252 Clero
626 2188 726 2251 etiam
746 2185 911 2249 influxum
926 2184 1105 2270 quemdam
1122 2188 1157 2250 in
1171 2189 1267 2252 varia
1282 2187 1424 2252 membra

307 2285 482 2351 Societatis
497 2294 676 2366 exerceret,
701 2293 734 2347 et
748 2286 897 2368 vigorem
917 2281 1144 2367 theologorum
1161 2285 1195 2348 in
1213 2285 1427 2350 defendendis

303 2384 436 2470 juribus
450 2383 592 2447 Romani
610 2382 782 2447 Pontificis
806 2382 1014 2447 diminueret.
1064 2380 1207 2460 Quando
1232 2392 1345 2447 autem
1370 2407 1424 2447 me-

383 2635 403 2704 ¹)
422 2632 522 2688 Scribit
534 2631 611 2686 Patri
625 2630 704 2686 Oliva
719 2629 878 2698 Praeposito
896 2629 1018 2697 generali
1031 2629 1056 2686 S.
1069 2629 1095 2687 J.
1116 2629 1159 2683 die
1179 2633 1208 2684 9⁰
1222 2632 1289 2686 Maii
1309 2650 1336 2690 a.
1351 2634 1427 2688 1678:

311 2715 434 2779 „Comme
451 2714 491 2768 les
509 2713 627 2780 61816666
647 2712 693 2778 qui
712 2715 761 2765 ont
779 2713 823 2764 666
842 2713 949 2778 6616666
967 2709 1081 2763 tRome
1101 2727 1215 2768 ...sur
1232 2713 1368 2782 larcgale

309 2804 372 2852 sont
388 2811 490 2852 venues
515 2796 596 2850 d'une
614 2807 707 2848 source
732 2793 929 2847 extremement
948 2797 1086 2859 suspecte,
1112 2799 1141 2846 et
1165 2791 1275 2860 qu’elles
1295 2800 1344 2848 ont
1368 2810 1427 2862 pour

309 2882 420 2932 auteurs
447 2892 513 2931 ceux
532 2875 579 2944 qui
597 2879 645 2929 ont
663 2873 785 2942 toujours
804 2873 906 2928 666166
925 2873 1045 2927 66661618
1070 2873 1109 2926 166
1128 2873 1188 2940 plus
1206 2873 1340 2930 86681666
1359 2877 1390 2931 de
1405 2875 1426 2928 11

309 2958 451 3026 puisssnce
468 2957 614 3024 religieuse
641 2959 671 3009 et
689 2953 783 3017 civile,
804 2993 830 3007 ..
848 2992 854 3004 .
872 2969 906 3006 66
925 2968 959 3007 ne
977 2952 1036 3006 doit
1053 2969 1102 3020 pas
1121 2955 1273 3021 s'etonner,
1302 2956 1326 3010 si
1345 2961 1426 3010 tontes

310 3055 352 3093 ces
380 3037 497 3104 pleintes
516 3041 578 3091 sont
597 3036 711 3090 (1666666
739 3034 879 3089 (16161166
907 3039 935 3086 et
954 3034 986 3088 de
1005 3033 1103 3090 181666.
1122 3065 1157 3074 -
1183 3036 1226 3088 En
1245 3034 1325 3102 effet,
1355 3053 1387 3091 en
1403 3050 1426 3088 66

310 3120 356 3186 qui
375 3132 504 3172 concerne
533 3118 558 3171 le
586 3117 658 3170 droit
686 3116 718 3170 de
737 3115 830 3183 regale
849 3114 933 3168 6681111
961 3130 994 3168 66
1013 3114 1117 3168 France
1144 3114 1239 3181 depuis
1267 3113 1424 3178 (1666166166,

309 3200 368 3254 1166
394 3198 427 3253 (16
446 3214 475 3252 66
501 3197 547 3264 qni
566 3197 698 3250 interesse
726 3194 809 3249 18161
829 3194 903 3249 6618
922 3195 1038 3266 religion
1056 3193 1099 3248 n’a
1116 3197 1175 3257 666,
1204 3195 1326 3249 tRome
1344 3197 1426 3256 mene,

310 3279 441 3343 examine,
461 3277 583 3342 (16118666,
603 3276 684 3330 defini
703 3291 822 3330 816666
842 3275 902 3342 plus
921 3275 1009 3342 grend
1028 3275 1095 3338 scin,
1114 3290 1167 3328 unc
1180 3274 1240 3341 plus
1259 3274 1368 3341 grande
1378 3277 1425 3342 pre

310 3375 438 3426 voyanee‚
458 3374 512 3412 une
530 3357 590 3426 plus
604 3357 708 3425 grande
726 3356 868 3423 prudente.
890 3394 934 3412 ...
953 3354 977 3408 Il
995 3353 1039 3423 n'y
1058 3360 1106 3408 666
1123 3353 1210 3421 permi
1228 3354 1268 3407 les
1282 3361 1425 3422 opposants

310 3455 362 3507 que
380 3440 405 3493 16
423 3438 481 3492 seul
500 3439 601 3504 616666
619 3437 742 3502 d’Aleth,
763 3477 812 3492 ...
833 3451 884 3502 que
904 3451 933 3490 ce
951 3435 1056 3502 pretet,
1085 3435 1131 3500 qui
1150 3435 1271 3501 pendant
1290 3450 1321 3488 sa
1340 3435 1424 3489 11661

311 3518 463 3588 opposition
482 3522 625 3571 constante
644 3533 711 3571 avec
729 3518 768 3570 les
786 3515 976 3570 constitutions
992 3520 1020 3568 et
1038 3514 1077 3567 les
1090 3514 1195 3568 (1681666
1208 3514 1244 3566 (16
1257 3513 1425 3582 SaintSiege,

310 3599 408 3654 voulut
426 3614 455 3652 se
474 3598 576 3652 donner
594 3598 660 3651 dans
679 3613 727 3651 son
740 3597 844 3651 diocese
862 3594 929 3664 dour
948 3594 1026 3663 l’e'gal
1046 3594 1082 3647 du
1101 3609 1177 3662 pape,
1197 3609 1250 3660 que
1262 3594 1351 3662 dis-je,
1370 3609 1425 3662 pour

300 3696 360 3746 ¹son
377 3679 531 3747 supericur3
561 3677 607 3744 qni
626 3677 671 3730 fut
690 3678 715 3731 16
733 3677 804 3741 6661,
832 3691 866 3729 611
885 3691 921 3728 66
940 3681 1009 3740 1666,
1030 3691 1064 3728 66
1083 3674 1107 3728 16
1126 3674 1237 3738 second,
1263 3676 1325 3740 qni,
1353 3675 1424 3740 impu·

311 3760 384 3814 61666
408 3759 441 3812 (16
462 3763 522 3812 6666
541 3758 654 3826 pouvoir
672 3757 809 3825 legitime,
839 3771 885 3809 osa
904 3756 1035 3822 invoquer
1059 3754 1083 3808 sl
1102 3754 1323 3809 temerairement
1340 3755 1423 3808 l’auto

311 3840 365 3894 1166
384 3839 420 3892 (16
439 3839 540 3893 concile
558 3839 591 3893 de
609 3838 694 3904 Lyon
714 3842 742 3891 et
761 3837 807 3903 qui
826 3835 858 3889 fit
876 3851 943 3902 pour
962 3835 1032 3890 ainsi
1051 3834 1109 3888 dire
1128 3834 1251 3888 violence
1269 3837 1287 3887 a
1305 3850 1334 3889 oe
1352 3835 1423 3887 16666

312 3920 414 3974 6666116
438 3935 471 3973 66
490 3919 656 3972 (1666616866
680 3916 758 3971 d'une
776 3916 856 3983 sacen
883 3915 1028 3970 manifeste
1053 3915 1079 3968 16
1097 3930 1158 3968 6666
1177 3914 1210 3968 de
1230 3930 1272 3968 scs
1297 3914 1423 3968 decisione.

312 3999 366 4053 afin
385 4000 418 4054 de
437 4000 550 4068 pouvoir
568 3998 694 4052 arrccher
712 3999 729 4050 a
746 3995 887 4051 l’autoritt
906 3997 998 4062 royalc
1026 4010 1079 4048 666
1097 3994 1275 4063 prerogativa
1299 3994 1322 4048 si
1339 3993 1420 4048 solide

312 4084 387 4133 ment
405 4079 507 4133 66811116
525 4079 619 4146 depuis
638 4078 683 4132 des
702 4077 819 4131 siecles.“
857 4076 891 4133 V.
910 4075 943 4132 R.
963 4076 995 4130 de
1011 4075 1201 4139 Chenteleuze,
1220 4074 1338 4128 LePere
1355 4071 1422 4126 (1618

312 4160 420 4224 Chaize,
439 4177 465 4227 p,
484 4162 526 4211 85.
546 4158 624 4212 Paris
645 4159 722 4216 1859,

385 4239 408 4311 9)
428 4241 461 4296 V.
482 4239 591 4297 Collect.
610 4238 721 4293 Lacens.
739 4239 770 4295 T.
790 4237 804 4291 Ι
831 4254 848 4304 6
876 4237 935 4291 801.
