3336 4908
430 515 483 568 282
826 517 883 572 XL.
921 517 961 571 De
978 517 1157 572 Jansenismo.

431 657 520 722 haud
544 659 717 745 probanda
741 659 782 724 de
807 659 1020 724 distinctione
1039 661 1124 746 juris
1148 668 1181 724 et
1202 660 1292 742 facti,
1325 664 1365 724 a'c
1398 660 1436 724 de
1462 659 1529 723 falli-

429 755 557 822 bilitate
573 758 744 823 Ecclesiae
769 757 879 843 quoad
903 758 1000 840 facta,
1024 756 1268 840 advertendum
1293 767 1353 840 est,
1378 755 1529 842 epistolam

429 856 661 920 novemdecim
700 857 929 942 episcoporum
969 878 1028 942 per
1065 877 1099 919 se
1130 855 1254 940 negligi
1286 857 1450 941 potuisse3
1481 876 1531 918 nec

428 953 587 1018 Pontifex
617 976 811 1039 responsum
842 953 886 1018 ad
918 975 991 1018 eam
1025 953 1127 1019 dedit.
1176 953 1351 1034 Quaedam
1383 960 1531 1038 praeterea

428 1050 615 1136 benignius,
648 1054 695 1116 uti
716 1073 788 1138 Jam
812 1051 970 1133 dlximus,
994 1053 1103 1136 accipi
1127 1060 1289 1137 poterant,
1321 1060 1422 1137 atque
1445 1049 1531 1113 obser·

427 1149 577 1215 vandum
600 1159 660 1231 est,
684 1153 786 1214 tricas
810 1158 843 1212 et
866 1148 1003 1213 cavillos
1015 1149 1283 1214 Jansenistarum
1308 1148 1456 1212 nondum
1477 1156 1531 1209 tan

426 1251 512 1312 bene
535 1250 681 1333 patuisse
705 1268 743 1311 eo
767 1255 924 1332 tempore,
950 1257 986 1310 ut
1009 1256 1133 1333 postea.
1180 1246 1380 1310 Praesertim
1402 1244 1531 1309 confusio
1562 1269 1563 1320 i

426 1346 590 1431 quaedam
628 1345 729 1410 fiebat
760 1345 846 1408 inter
874 1344 963 1408 facta
993 1344 1204 1428 dogmatibus
1235 1345 1352 1408 intime
1384 1364 1477 1423 nexa,
1509 1349 1531 1402 et
1561 1335 1563 1394 ἶ

425 1444 513 1508 facta
545 1444 587 1508 ab
618 1443 671 1508 his
700 1443 886 1528 disparata;
926 1444 1036 1529 priora
1067 1443 1235 1507 interdum
1267 1441 1328 1505 sub
1355 1440 1529 1526 quaestione

421 1542 507 1627 juris
532 1539 909 1627 comprehendebantur,
939 1563 979 1604 ac
1003 1541 1045 1605 de
1068 1540 1142 1605 aliis
1166 1540 1319 1605 Ecclesia
1342 1559 1465 1602 revera
1479 1557 1530 1598 non

426 1639 566 1704 sollicita
597 1650 675 1705 erat.
730 1637 786 1704 Sic
819 1638 1041 1725 appellatione
1064 1639 1155 1724 facti
1192 1638 1362 1703 interdum
1394 1633 1531 1699 veniebat

426 1739 585 1824 quaestio,
610 1749 720 1803 utrum
744 1738 987 1823 propositiones
1011 1738 1158 1822 quinque
1183 1735 1293 1822 quoad
1305 1733 1411 1798 verba
1433 1742 1465 1796 et
1484 1729 1531 1814 syl·

424 1836 517 1901 labas
541 1838 575 1900 in
599 1836 775 1921 Auqaatino
800 1836 953 1900 Jansenii
978 1837 1241 1916 continerentur3
1278 1833 1320 1897 de
1344 1832 1441 1895 factis
1465 1829 1530 1913 ejus·

425 1934 514 1999 modi
540 1936 639 1999 etiam
663 1933 838 2014 Baronius,
878 1932 1104 1997 Pallavicinus
1143 1931 1266 2018 aliique
1305 1939 1457 1994 auctores
1488 1925 1529 2010 qui

424 2030 614 2095 citabantur
636 2031 790 2115 agebant.
821 2031 912 2094 Hinc
928 2051 1049 2114 magno
1074 2052 1150 2094 cum
1173 2030 1287 2095 labore
1311 2024 1528 2113 inquirendum

423 2129 548 2211 fuisset,
573 2151 685 2194 annon
709 2130 792 2193 forte
816 2137 945 2192 tantum
971 2128 1080 2214 quoad
1104 2128 1193 2192 facta
1217 2127 1365 2212 dogmati
1388 2145 1454 2187 non
1474 2139 1528 2184 cou-

424 2248 512 2291 nexa
536 2228 716 2291 inerrantia
741 2225 911 2291 Ecclesiae
935 2236 1129 2310 negaretur,
1154 2234 1254 2311 atque
1277 2224 1313 2289 id
1336 2222 1450 2309 plures
1472 2217 1528 2282 Car·

425 2324 553 2388 dinales
576 2325 700 2389 Romae
734 2325 891 2389 videntur
921 2325 1137 2390 existimasse.
1184 2322 1240 2388 Sic
1272 2323 1363 2386 enim
1394 2339 1464 2383 rem
1490 2335 1527 2377 er·

424 2422 517 2486 hibet
541 2420 728 2487 Cardinalis
752 2421 960 2507 Rospigliosi,
986 2420 1165 2486 Clementis
1180 2421 1232 2485 IX
1255 2440 1369 2504 nepos,
1394 2419 1428 2480 in
1454 2411 1526 2479 Relu-

424 2521 508 2584 tionc
526 2542 625 2605 quam
643 2520 684 2585 de
700 2521 832 2604 negotio
848 2529 989 2605 quatuor
1005 2522 1233 2606 episcoporum
1249 2517 1403 2582 confecit.
1441 2511 1525 2592 Quae

426 2616 503 2681 dam
521 2640 564 2682 ex
578 2617 693 2682 eadem
717 2617 781 2682 hoc
804 2617 875 2682 loco
899 2618 1020 2682 referre
1045 2627 1265 2704 opportunum
1288 2612 1388 2701 plane
1404 2610 1525 2675 videtur.

254 2717 414 2794 '‘Wlffli-
520 2716 570 2779 71.
610 2715 797 2799 Distinguit
820 2713 1007 2780 Cardinalis
1031 2717 1142 2780 varias
1165 2717 1375 2801 quaestiones
1398 2704 1525 2802 quaeda

261 2783 412 2834 R⁰⁸p¹⁸¹¹⁰⁸¹'
425 2832 525 2876 sensu
539 2814 803 2898 propositionum
819 2812 841 2878 J
843 2813 971 2878 ansenii
987 2812 1059 2876 fieri
1075 2822 1236 2898 poterant.
1263 2834 1317 2896 ,n
1336 2811 1408 2875 153.
1424 2809 1523 2880 Prima

423 2910 542 2995 inquit,
573 2931 736 2996 quaenam
767 2909 856 2973 illius
887 2910 1016 2976 occulta
1045 2932 1138 2975 mens
1170 2921 1202 2974 et
1226 2912 1390 2995 cogitatio
1420 2909 1523 2980 fuisset,

424 3007 610 3092 quibusque
641 3009 770 3090 signate
801 3007 913 3072 verbis
945 3009 1091 3094 quinque
1122 3011 1362 3095 propositiones
1401 3005 1455 3071 ille
1486 3021 1523 3064 ex·

421 3106 602 3189 pressisset.
651 3105 717 3169 Hic
741 3126 819 3169 vero
844 3105 1042 3171 Janseniani
1066 3105 1322 3189 contendebant,
1355 3104 1445 3170 haud
1470 3101 1523 3166 illa

420 3203 454 3265 in
479 3201 657 3288 Anqustino
689 3224 849 3289 apparere
882 3203 1001 3268 iisdem
1034 3206 1169 3269 omnino
1194 3203 1334 3269 vocibus
1362 3220 1521 3290 expressae,

420 3297 542 3384 quibus
573 3301 607 3363 in
632 3301 728 3364 Bulla
753 3301 940 3366 Innocentii
969 3303 1204 3384 recitarentur,
1230 3304 1340 3387 prima
1372 3302 1522 3366 dumtaxat

419 3407 576 3482 excepta,
612 3419 698 3482 quae
723 3399 766 3463 ad
790 3398 929 3462 verbum
955 3398 1063 3463 videri
1095 3409 1205 3484 posset
1228 3400 1409 3487 descripta3
1442 3399 1520 3482 idque

418 3491 569 3578 pluribus
593 3496 761 3580 opusculis
785 3496 923 3581 professi
947 3496 1080 3582 publice
1105 3508 1199 3562 sunt:
1228 3500 1384 3583 quamvis
1408 3519 1468 3563 nou
1487 3495 1519 3555 iu·

418 3589 619 3675 ficiarentur,
644 3593 748 3658 verba
771 3617 857 3680 quae
880 3596 915 3659 in
939 3594 1093 3660 Jansenii
1115 3595 1200 3660 libro
1223 3596 1430 3679 legebantur,
1451 3593 1518 3657 iden

419 3687 528 3752 valere
557 3712 597 3753 ac
621 3690 687 3755 alia
716 3693 752 3757 in
777 3692 956 3756 Pontificio
980 3691 1224 3758 Constitutione
1255 3696 1441 3780 supposita;
1469 3692 1517 3753 ino

417 3784 539 3850 diserte
570 3787 761 3872 faterentur,
801 3792 1041 3875 propositiones
1079 3791 1123 3856 ab
1154 3792 1271 3856 eadem
1297 3791 1515 3857 Constitutione

418 3883 592 3948 damnatas
623 3887 658 3951 in
691 3889 823 3973 proprio
847 3909 906 3951 suo
931 3898 963 3952 et
987 3891 1137 3953 maxime*
1156 3890 1305 3974 legitimo
1331 3911 1428 3956 sensu
1447 3879 1515 3971 apud

417 3991 587 4047 auctorem
611 3985 665 4048 cui
688 3984 922 4050 tribuebantur
946 3988 1106 4052 exstare.“

509 4103 561 4163 ,n
595 4082 667 4148 154.
716 4083 810 4147 Haec
840 4085 988 4168 quaestio
1017 4083 1206 4148 interfanti
1231 4107 1266 4149 se
1290 4084 1512 4156 limitestenet;

417 4200 517 4263 quam
533 4181 696 4244 doctiores
711 4191 885 4267 propterea
902 4193 1026 4265 negant
1042 4181 1294 4247 delinitionibus
1309 4183 1388 4248 fidei
1405 4181 1512 4247 divinae

417 4276 612 4361 subjectam.
645 4314 687 4324 --
719 4277 784 4342 Sed
814 4301 852 4342 ea
886 4279 970 4344 nihil
1001 4280 1157 4344 adrem:
1190 4303 1266 4345 cum
1291 4299 1453 4368 nunquam
1474 4269 1511 4334 vel
