3288 4900
463 483 575 536 Concilii
595 483 719 548 periodus
738 482 863 538 secunda.
1188 482 1238 535 115

136 631 163 689 in
183 627 353 712 diplomate
370 627 680 704 Interimuocitato,
706 636 881 710 utrumque
908 624 1171 690 Protestantibus
1194 624 1238 688 ad

132 725 261 788 futurum
288 746 390 810 usque
408 722 594 788 Concilium
619 725 822 808 permiserat.
863 721 984 786 Tribus
1009 743 1086 786 vero
1103 721 1238 786 Nuntiis

132 821 256 885 subinde
281 823 314 885 in
340 821 555 886 Germaniam
578 832 710 907 petente
725 819 865 886 Caesare
889 821 997 885 missis
1020 843 1040 883 a
1056 820 1158 884 Paulo
1175 821 1238 902 111,

132 941 194 982 oum
222 920 332 1005 ampla
362 919 519 983 facultate
550 921 637 984 inter
667 928 813 982 caeteras
844 917 926 981 haec
961 919 1060 982 etiam
1093 928 1238 1004 potestas

131 1039 194 1080 oum
204 1020 396 1103 opportunis
412 1016 677 1082 restrictionibus
694 1015 1007 1102 conditionibusque
1024 1016 1145 1080 tradita
1158 1026 1237 1082 erat.

131 1113 326 1200 Quapropter
349 1114 558 1180 considerata
583 1113 691 1179 Caroli
717 1115 855 1178 victrice
880 1116 1037 1198 potentia,
1062 1113 1238 1199 oblataque

133 1212 171 1275 bis
190 1213 230 1276 ab
245 1215 376 1297 integro
393 1213 558 1278 Ordinum
582 1214 616 1276 in
634 1212 818 1277 Germania
841 1222 1009 1276 conventu
1033 1212 1238 1296 subjectione

131 1309 272 1393 Concilio,
298 1311 369 1376 fore
393 1310 596 1397 sperabatur,
622 1321 658 1374 ut
683 1312 709 1374 si
726 1309 990 1374 Protestantibus
1013 1312 1048 1375 in
1072 1309 1163 1374 hisce
1187 1332 1238 1374 ca-

134 1408 241 1490 pitibus
266 1409 450 1488 satisfieret,
486 1409 670 1473 Germania
703 1409 738 1471 in
764 1406 934 1491 religionis
958 1408 1168 1474 concordiam
1192 1430 1238 1472 re-

129 1508 206 1570 stitui
230 1520 352 1592 posset.
402 1507 529 1572 Idcirco
560 1507 685 1589 Patres,
721 1507 852 1570 tametsi
877 1529 951 1570 cum
976 1507 1088 1592 aliqua
1112 1516 1237 1570 senten·

129 1607 232 1668 riarum
258 1606 494 1690 discrepantia,
519 1616 727 1685 censuerunt,
752 1603 816 1667 hac
833 1604 994 1668 utendum
1019 1605 1238 1687 indulgentia,

125 1705 279 1787 suspensis
305 1705 427 1787 pariter
451 1702 651 1788 quibusdam
676 1702 749 1765 aliis
773 1701 931 1785 articulis,
964 1705 1020 1788 qui
1045 1702 1123 1766 huic
1148 1703 1236 1766 vide·

127 1798 233 1864 bantur
257 1801 386 1866 affines,
394 1799 417 1884 ¹)

202 1918 253 1982 70.
287 1916 390 1980 Sessio
410 1917 629 1979 decimotertio
652 1917 753 1998 igitur
776 1916 890 1979 habita
914 1924 963 1977 est
987 1915 1040 1979 die
1063 1915 1406 2022 1100515-(1ωἱῗζὲ3ιιΙι

123 2013 230 2080 brrsa
260 2013 472 2099 1551151555
496 2013 642 2076 doctriua
666 2014 704 2077 cte
729 2014 964 2076 Eucharistio
956 2036 990 2076 rn
1014 2014 1129 2077 eadem
1156 2015 1233 2078 defi-

122 2113 190 2176 nita.
207 2112 311 2175 Varia
324 2113 424 2175 etiam
441 2111 482 2174 de
495 2110 661 2174 reformat
639 2120 728 2174 1tone
745 2119 868 2174 statuta
885 2121 961 2174 sunt
961 2133 1071 2196 ,quae
1088 2114 1234 2179 maxims

121 2221 263 2292 spectant
295 2213 472 2290 rationem,
513 2230 579 2293 qua
610 2210 757 2294 episcopi
792 2211 825 2270 in
862 2209 970 2271 causis
1009 2209 1237 2274 criminalibus

121 2307 307 2372 clericorum
339 2329 436 2391 agere
462 2306 593 2371 debent.
642 2307 784 2370 Decreto
810 2306 886 2370 dein
918 2305 1076 2391 peculiari
1106 2307 1235 2370 illorum

120 2406 336 2486 articulorum,
363 2427 443 2490 quos
460 2405 806 2484 commemoravimus,
832 2404 1060 2468 definitionem
1084 2427 1237 2490 proroga-

122 2515 233 2567 verunt
263 2503 306 2568 ad
339 2504 519 2566 sessionem
552 2502 650 2567 aliam
682 2502 873 2567 habendam
907 2501 961 2566 die
988 2502 1071 2565 festo
1097 2524 1237 2566 conver-

121 2605 211 2666 sionis
238 2625 262 2666 s.
281 2601 387 2682 Pauli,
412 2601 474 2666 25⁰
489 2603 565 2665 Jan.
591 2601 736 2667 51552.
777 2599 883 2664 Simul
907 2601 1028 2664 saluum
1051 2601 1236 2664 conductum

123 2699 375 2765 protestantibus
408 2709 651 2780 concesserunt,
688 2709 723 2763 ut
753 2721 913 2784 personae
947 2721 1051 2784 ,quae
1075 2698 1117 2762 ad
1142 2720 1236 2762 oecu-

124 2802 280 2862 menicum
305 2799 367 2861 hoc
391 2805 424 2860 et
446 2795 600 2882 generale
617 2797 803 2861 Concilium
822 2798 980 2861 accedere
996 2795 1172 2875 voluerint,
1195 2797 1236 2860 dc

125 2895 154 2956 iis
173 2895 275 2958 rebus
299 2916 384 2980 quae
409 2897 443 2958 in
467 2898 540 2980 ipsa
555 2895 690 2978 Synodo
715 2898 848 2959 tractari
874 2895 1006 2978 debent,
1032 2897 1121 2958 omui
1142 2894 1236 2958 liber·

126 3001 175 3055 tate
200 2993 360 3076 conferre,
385 3013 570 3079 proponere
594 3015 633 3056 ao
656 3003 807 3075 tractare,
833 3015 872 3056 ac
895 2994 1064 3078 adipsum
1089 3014 1236 3057 oecume-

123 3091 224 3153 nicum
251 3087 438 3154 Concilium
462 3090 566 3155 libere
597 3101 630 3153 et
658 3101 728 3153 tuto
754 3093 878 3172 venire,
911 3101 943 3155 51
975 3094 1010 3154 in
1041 3112 1078 3155 55
1104 3113 1236 3155 manere

120 3208 153 3249 ac
167 3191 375 3269 commorari,
400 3211 439 3252 ac
463 3187 619 3251 articulos
643 3200 723 3273 quot
747 3188 810 3252 illis
827 3189 997 3253 videbitur
1020 3199 1087 3252 tarn
1112 3191 1234 3274 scripto

119 3306 212 3369 quam
236 3286 338 3350 verbo
370 3287 497 3367 offerre,
531 3306 715 3370 proponere
740 3295 870 3350 etcum
897 3287 1062 3366 Patribus,
1095 3289 1164 3350 sive
1196 3288 1236 3350 iis

119 3386 168 3465 qui
193 3382 235 3446 ab
260 3383 479 3468 ipsaSynodo
506 3383 622 3447 delecti
648 3385 772 3448 fuerint
795 3386 954 3469 conferre,
972 3395 1004 3448 et
1018 3386 1143 3470 absque
1161 3384 1236 3448 ullis

117 3481 273 3544 conviciis
308 3492 341 3544 51
376 3481 584 3545 contumeliis
617 3481 800 3567 disputare,
837 3506 966 3547 necnon
1003 3484 1134 3569 quando
1172 3483 1236 3547 illis

117 3577 272 3660 placuerit
295 3579 450 3644 recedere
474 3582 601 3664 possint
626 3589 657 3643 et
682 3580 846 3645 valeant.⁴‘

202 3695 252 3760 71.
285 3694 408 3758 Paulus
430 3693 566 3780 Sarpius
591 3695 733 3780 maligne
758 3695 872 3759 Patres
897 3697 1012 3781 carpit,
1037 3696 1126 3780 quod
1150 3719 1234 3760 asse-

115 3793 245 3874 ruerint,
270 3793 494 3856 Protestantes
519 3791 706 3856 desiderare
730 3793 838 3857 audiri
864 3793 905 3856 de
929 3795 1000 3856 istis
1024 3792 1065 3856 ‹le
1089 3815 1233 3857 commu·

116 3889 210 3952 niune
234 3890 295 3953 sub
320 3885 460 3975 utraque
485 3892 594 3975 specie
627 3891 786 3971 articulis,
824 3914 925 3976 quum
957 3902 1067 3954 tamen
1101 3892 1135 3955 hi
1162 3893 1234 3976 jam

115 3989 242 4070 saepius
256 3987 490 4069 declarassent,
515 3988 623 4052 nullos
647 4013 666 4052 a
691 4012 724 4052 55
749 3989 905 4053 articulos
921 3991 1101 4053 anteriores
1118 3992 1233 4075 recipi,

116 4129 324 4140 *Q—

187 4218 206 4287 ¹)
225 4217 354 4272 Pallavio.
373 4216 404 4270 L.
423 4217 486 4273 XII.
507 4218 535 4271 C.
555 4218 602 4271 IX.
623 4247 656 4256 -
676 4217 793 4271 Theiner
812 4220 882 4273 Acta
901 4218 928 4271 0.
949 4219 993 4272 Tr.
1016 4219 1034 4272 l.
1054 4221 1113 4272 528.

1073 4327 1107 4379 3*
