3020 4908
432 484 472 536 De
491 483 644 537 Massonum
663 483 846 540 societatibus.
1147 485 1200 540 413

93 628 188 690 tariae
210 648 275 690 non
293 635 387 690 erant
402 626 538 708 addicti,
563 628 652 711 iique
669 636 851 691 mutatores
867 627 1015 712 adoptati
1040 629 1204 717 (accepted
1229 629 1366 732 rasponum

91 725 223 809 masone)
248 724 314 788 dici
338 723 527 805 solebant.¹)
574 725 655 788 Tres
679 726 744 788 viri
768 724 898 789 axillis
922 726 1080 790 membris
1103 727 1203 814 adop·
1296 705 1332 743 ⁸⁰¹

91 823 162 886 tatis
199 821 345 887 habendi
382 831 458 885 sunt
497 831 534 885 ut
568 833 719 885 auctores
755 824 947 886 societatum
984 827 1204 890 recentiorum
1287 867 1291 873 -

90 921 427 985 Francomuratorum.
474 919 643 984 Videlicet
681 942 768 985 anno
796 921 879 983 1717
908 920 1097 1006 Theophilus
1125 924 1203 988 Dee·

91 1019 230 1104 apuliam,
255 1019 405 1082 minister
426 1016 555 1082 aulicus
578 1018 848 1100 reformatorum,
872 1019 1014 1083 Jacohns
1036 1020 1205 1086 Anderson

90 1117 232 1180 minister
255 1115 466 1201 anglicanus,
501 1125 533 1179 et
560 1116 714 1203 Georpinc
737 1119 845 1203 Payne
868 1116 1106 1202 archaeologus
1130 1120 1205 1183 effe·

89 1224 213 1296 cerunt,
249 1223 286 1277 ut
316 1212 377 1278 sub
403 1213 585 1278 directione
616 1235 729 1278 eorum
755 1223 896 1300 quatuor
929 1214 1083 1299 collegia,
1118 1239 1203 1302 quae

87 1310 226 1375 Londini
251 1313 285 1375 in
310 1320 451 1396 quatuor
474 1311 621 1375 tabernis
645 1312 786 1376 diversis
811 1312 1007 1393 existebant,
1035 1335 1104 1378 sese
1130 1335 1202 1378 con·

82 1409 272 1493 jungerent,
308 1407 498 1474 Conventnm
521 1432 666 1494 mapnnm
696 1409 835 1496 (grande
858 1410 945 1496 loge)
978 1413 1141 1496 erigerent
1171 1423 1203 1476 et

86 1507 275 1591 Magistrum
300 1528 457 1590 magnum
491 1507 545 1570 die
569 1507 629 1570 24⁰
653 1507 747 1572 Junii
773 1517 931 1574 crearent.
979 1509 1123 1594 Scopum
1148 1510 1202 1573 ob-

87 1605 218 1669 soletum
250 1605 468 1690 promovendi
502 1617 606 1668 artem
632 1605 845 1691 sculptoriam
876 1617 1108 1692 seposuerun't,
1144 1608 1202 1673 sed

85 1714 321 1789 proposuerunt
351 1713 388 1766 ut
410 1703 510 1767 finem
535 1703 786 1788 aedificationem
811 1704 920 1790 temph‘
950 1727 1048 1769 sensu
1072 1704 1202 1789 symbo-

84 1800 142 1865 lico
166 1823 224 1865 seu
248 1802 484 1888 perfectionem
509 1804 639 1886 generis
663 1803 817 1883 humani,
842 1805 932 1867 etin
956 1825 1078 1867 novem
1103 1807 1202 1868 socie·

84 1909 179 1964 tatem
203 1903 304 1966 etiam
329 1910 468 1983 statuta,
500 1903 582 1965 ritus
607 1912 638 1965 et
662 1900 813 1985 symbola
837 1903 1011 1966 anterioris
1035 1903 1202 1966 societatis

84 2000 326 2063 transtulerunt.

165 2115 219 2179 48.
268 2114 367 2178 Modo
392 2125 428 2178 ut
443 2113 648 2198 intelligatur
671 2116 828 2200 oppositio
848 2116 935 2179 inter
950 2117 1123 2179 societates
1141 2114 1202 2180 has

84 2222 112 2274 et
126 2210 426 2292 Christianismum,
444 2233 483 2274 ac
500 2213 645 2275 maxime
655 2212 842 2276 Ecclesiam
860 2212 1068 2294 catholicam,
1086 2212 1201 2276 adver·

83 2309 213 2374 tendum
240 2319 298 2391 est,
323 2309 410 2374 illius
434 2309 581 2373 Instituti
605 2310 803 2395 praecepium
826 2309 1076 2396 fundamentale
1097 2311 1200 2374 Natu·

82 2409 206 2473 rah‘smo
232 2410 404 2490 contineri,
429 2430 468 2471 ac
493 2407 749 2471 Naturalc‘smum
773 2429 831 2471 seu
853 2407 1019 2492 reh'piom‘a
1040 2407 1203 2472 naturalis

76 2509 304 2591 promotionem
330 2508 364 2569 in
389 2507 596 2591 oppositione
620 2505 664 2569 ad
686 2505 880 2590 religionem
903 2507 1081 2592 positivam
1100 2505 1200 2589 finem

83 2605 180 2689 ipsius
205 2625 286 2668 esse.
334 2603 427 2667 Haec
450 2604 533 2668 forte
559 2626 624 2667 non
649 2601 805 2687 explicite
829 2607 1042 2688 pronuntiata
1065 2605 1201 2667 fuerunt

82 2700 354 2766 afundatoribus
386 2715 485 2786 atque
510 2724 529 2765 a
553 2701 664 2765 multis
696 2703 890 2764 societatum
923 2701 1080 2765 membris
1104 2703 1199 2766 initio

81 2803 246 2866 nonsatis
279 2798 581 2884 perspiciebantur;
617 2809 763 2863 attamen
798 2821 840 2863 ex
863 2808 982 2863 natura
1005 2801 1052 2863 rei
1077 2801 1111 2862 in
1135 2799 1199 2864 hoc

79 2897 229 2963 Instituto
255 2897 511 2961 involvebantur
542 2907 573 2960 et
597 2897 739 2960 decursu
762 2899 920 2983 temporis
952 2899 1057 2980 magis
1081 2898 1199 2981 magis·

80 3019 140 3081 que
173 2995 308 3060 evoluta
332 3004 418 3060 sunt.
464 2994 589 3057 Incidit
621 2997 801 3079 institutio,
838 2998 886 3059 uti
910 3016 952 3058 ex
981 2995 1079 3058 dictis
1112 2994 1198 3058 colli-

78 3096 179 3179 gitur,
217 3096 253 3159 in
277 3093 359 3157 illud
389 3102 519 3178 tempus
551 3115 614 3179 quo
647 3093 792 3157 deismus
821 3096 984 3158 maximos
1016 3095 1050 3157 in
1075 3092 1200 3177 Anglia

78 3192 219 3259 faciebat
243 3214 451 3278 progressus,
484 3201 516 3255 et
540 3201 747 3276 contemptus
778 3191 1007 3256 invalescebat
1029 3191 1200 3274 religionis

78 3293 255 3375 positivae,
288 3312 387 3377 quam
413 3291 525 3353 variae
549 3302 657 3354 sectae
681 3299 900 3375 protestantes
923 3292 1010 3354 inter
1033 3311 1066 3352 se
1091 3289 1197 3352 diver-

79 3411 130 3452 sae
154 3400 186 3454 et
209 3390 380 3475 oppositae
403 3387 572 3452 tenebant.
619 3388 692 3451 Viri
717 3390 818 3472 igitur
842 3388 899 3470 illi,
925 3388 982 3473 qui
1006 3387 1197 3450 Massonum

78 3489 217 3571 primam
234 3488 424 3551 societatem
445 3485 638 3568 fundarunt,
664 3488 904 3551 constituerunt
926 3488 1117 3550 honestatem
1140 3507 1198 3548 seu

77 3579 257 3671 relc‘pe'onem
288 3583 468 3648 naturalem
508 3583 844 3667 (humanitarismum)
877 3584 980 3648 veluti
1015 3581 1196 3666 vinculum,

77 3703 139 3765 quo
173 3683 379 3746 diversarum
413 3691 576 3745 sectarum
612 3692 645 3745 et
676 3681 874 3766 religionum
908 3681 1057 3745 membra
1089 3682 1198 3744 amico

76 3778 207 3844 foedere
237 3781 525 3865 conjungerentur.
573 3780 679 3846 Simul
710 3803 787 3845 vero
817 3782 1048 3866 promotionem
1073 3778 1194 3865 perfec·

150 4021 170 4086 ¹)
189 4018 311 4073 Membra
322 4019 430 4073 illorum
443 4019 618 4087 collegiorum
630 4018 688 4087 jam
700 4019 807 4073 sacculo
820 4018 921 4074 decimo
935 4023 1032 4085 quarto
1044 4017 1074 4070 in
1087 4017 1197 4085 Augila,

77 4097 117 4151 uti
136 4113 169 4151 ex
187 4099 354 4154 documentis
367 4100 513 4168 colligitur,
532 4098 692 4153 dicebantur
710 4099 768 4165 free
781 4115 901 4160 enecone,
923 4098 1061 4164 freeetone
1075 4113 1195 4160 reasons,

77 4185 108 4230 ut
125 4179 361 4248 distinguerentur
378 4180 511 4246 lapicidae
529 4179 577 4232 isti
595 4179 641 4245 qui
661 4185 820 4233 ornamenta
838 4177 1022 4242 elaborabant,
1042 4193 1058 4230 a
1077 4190 1196 4231 caemen-

77 4259 153 4313 tariis
172 4259 316 4313 ordinariis
335 4260 381 4326 qui
399 4261 487 4330 roaph
505 4275 618 4312 reasons
638 4257 854 4325 appellabantur.
