3034 4894
290 481 328 535 28
420 481 561 536 XXXVII.
581 483 622 536 De
640 481 728 536 initiis
748 498 779 535 ac
798 482 830 536 (16
849 497 960 552 propag.
981 445 1292 550 pseuderelorinationis.

250 706 252 710 .
290 624 461 712 discipulis
493 649 531 690 cc
552 625 792 714 professoribus
823 627 853 688 oi
882 626 950 689 Deo
974 626 1148 712 placuerit,
1182 637 1322 712 paratus
1355 649 1422 690 sum

286 725 399 810 potius
429 726 519 803 mori,
554 747 647 808 quum
666 733 848 788 ‘retractare
880 748 919 788 ca
950 748 1029 808 quae
1061 724 1172 805 dici.¹)
1219 725 1283 787 Per
1311 722 1423 808 plures

293 823 364 886 dies
388 833 499 885 actum
523 823 587 886 fuit
610 824 696 885 inter
720 820 918 908 Cajetanurn
950 833 982 886 61
1009 821 1212 903 Lutherum,
1237 832 1274 885 ut
1297 821 1354 885 hic
1379 821 1423 885 ad

289 923 558 984 retractationem
597 921 826 1002 adduceretur,
867 921 923 984 sed
965 921 1063 985 homo
1104 918 1265 1005 superbus
1302 919 1422 983 cedere

290 1019 406 1084 noluit.
455 1019 612 1083 Paratum
641 1042 675 1082 se
706 1019 897 1100 declaravit,
934 1029 970 1082 ut
993 1019 1258 1084 Universitatum
1288 1017 1422 1102 judicio

290 1113 516 1180 controversis
540 1117 789 1203 relinqueretur,
815 1121 894 1202 (qua
906 1119 1034 1180 ratione
1050 1125 1119 1180 tota
1130 1139 1183 1179 res
1198 1116 1241 1180 ad
1258 1115 1422 1200 quaestio-

289 1237 349 1280 nes
373 1215 560 1279 scholarum
583 1215 721 1278 reducta
738 1219 847 1296 esset),
872 1225 906 1279 61
924 1237 1080 1279 revocare
1105 1216 1239 1278 omnino
1258 1213 1421 1276 detrecta-

289 1315 349 1384 vit.
379 1316 463 1394 Die
497 1315 553 1377 17⁰
578 1312 732 1379 Octobris
765 1313 850 1377 olam
880 1313 1033 1398 Augusta
1064 1309 1224 1379 discessit.
1272 1311 1423 1396 Reliquit

290 1432 369 1474 vero
395 1411 520 1475 ibidem
552 1413 833 1496 protestationem,
867 1434 932 1496 qua
956 1435 977 1474 u
1000 1412 1094 1496 Papa
1131 1411 1213 1474 mule
1243 1409 1421 1496 informato

290 1509 335 1572 ud
350 1511 473 1595 Papum
496 1509 607 1574 melius
631 1510 872 1596 informandum
896 1509 1057 1595 appellat3
1083 1507 1166 1574 haec
1182 1507 1421 1573 (1161900616

137 1581 259 1687 pmii,
290 1605 359 1669 bris
384 1606 492 1670 valvis
517 1607 676 1671 ecclesiae
701 1607 900 1671 cathedralis
925 1607 1028 1671 affixa
1053 1619 1111 1673 est.
1160 1605 1216 1671 Sic
1241 1607 1346 1691 igitur
1372 1627 1421 1668 co-

164 1709 232 1752 mm·
290 1714 388 1768 natus
412 1706 544 1786 Leonis,
578 1717 613 1768 ut
637 1705 775 1769 Lutheri
808 1707 1028 1769 temeritatem
1053 1714 1286 1789 compesceret,
1318 1701 1421 1788 hujus

289 1806 506 1888 perversitate
537 1826 576 1867 ac
609 1806 811 1888 protectione
836 1804 997 1868 Friderici
1022 1803 1183 1868 Electoris
1212 1801 1421 1886 aliorumque

290 1902 430 1965 Lutheri
468 1903 633 1966 fautorum
671 1904 781 1966 irritus
821 1902 928 1966 factus
953 1911 1011 1966 est.
1059 1901 1216 1966 Pontifex
1239 1897 1340 1963 Bulla
1367 1899 1420 1963 die

289 1997 539 2066 9⁰Novembris
563 2023 592 2063 6.
612 2000 696 2064 1518
715 1999 792 2064 (1616
809 1999 1008 2063 catholicam
1033 2000 1218 2064 doctrinam
1244 1997 1286 2062 de
1311 1996 1419 2062 indul-

287 2100 409 2182 gentiis
434 2099 637 2176 vindicavit3
663 2095 829 2161 Lutherus
853 2119 931 2160 vero
957 2097 1011 2160 (116
1038 2098 1097 2161 180
1120 2096 1269 2181 ejusdem
1294 2097 1419 2158 mensis

289 2198 484 2280 provocavit
500 2196 543 2260 ad
557 2194 745 2260 Concilium
770 2195 968 2277 universale,
994 2206 1093 2280 atque
1107 2197 1153 2258 ita
1167 2195 1418 2258 damnationem

288 2294 495 2379 pontificiam
535 2316 613 2379 prae
653 2293 756 2358 oculis
795 2293 1019 2358 multitudinis
1067 2293 1185 2357 callide
1225 2293 1416 2376 praevertit.

289 2391 477 2477 Appellatio
510 2393 598 2456 enim
631 2392 683 2456 ad'
699 2391 886 2456 Concilium
918 2391 1071 2475 generale
1103 2415 1122 2455 a
1147 2390 1294 2455 Luthero
1330 2391 1418 2453 facta

286 2503 346 2572 est,
377 2500 556 2575 antequam
581 2490 728 2575 diploma
752 2491 875 2554 Leonis
900 2491 933 2553 in
958 2488 1175 2554 Germaniam
1199 2491 1416 2574 pervenisset.

378 2591 429 2655 27.
479 2591 513 2654 Si
540 2589 738 2675 conjecturis
763 2588 918 2652 humanis
943 2590 990 2651 uti
1022 2587 1140 2673 placet,
1173 2588 1257 2650 forte
1290 2608 1330 2648 66
1362 2587 1416 2648 via

286 2688 454 2769 exstingui
481 2690 640 2772 potuisset
664 2687 858 2750 incendium
884 2686 975 2764 illud,
1001 2687 1090 2772 quod
1107 2687 1174 2750 Leo
1200 2686 1292 2749 omni
1318 2683 1414 2748 modo

286 2787 466 2849 excitasset
497 2785 767 2849 Maximilianum
791 2787 887 2872 Imp,
928 2785 1098 2850 Ecclesiae
1135 2783 1414 2860 addictissimum,

286 2900 323 2946 ut
356 2905 484 2947 summo
517 2906 592 2946 cum
626 2885 739 2967 vigore
763 2883 949 2947 Lutherum
974 2884 1111 2968 ejusque
1135 2881 1301 2945 haeresim
1331 2901 1414 2942 com-

286 2985 455 3068 primeret,
493 2981 550 3045 sed
583 2981 730 3046 medium
761 2980 824 3044 hoc
856 2983 1025 3046 remissius
1057 2972 1251 3045 adhibuisse
1283 2977 1416 3041 videtur

285 3080 443 3144 Pontifex
477 3089 611 3167 propter
646 3082 911 3144 circumstantias
947 3079 1108 3165 politicas.
1163 3075 1413 3141 Maximilianus

284 3201 323 3240 eo
356 3188 502 3263 tempere
534 3177 718 3259 insistebat,
750 3189 786 3241 ut
818 3199 937 3242 corona
968 3171 1149 3263 imperialis
1182 3177 1245 3261 ipsi
1275 3177 1311 3237 in
1337 3172 1412 3236 Ger·

286 3278 398 3340 mania
429 3299 487 3362 per
514 3275 661 3360 legatum
685 3278 919 3361 imponeretur,
945 3286 977 3339 et
1001 3274 1138 3340 Carolus
1163 3273 1220 3360 (V)
1254 3295 1316 3336 rex
1341 3271 1413 3334 His·

285 3376 406 3459 paniae
430 3383 462 3437 61
485 3373 619 3440 Siciliae
651 3376 686 3438 in
717 3396 939 3438 successorem
963 3383 1206 3459 agnosceretur.
1257 3369 1411 3435 Pontifex

283 3472 367 3536 tales
397 3472 528 3536 favores
559 3495 601 3536 ne
626 3472 796 3560 Ecclesiae
826 3472 1060 3536 detrimentum
1084 3473 1240 3535 afferrent
1263 3467 1410 3547 timebat,

283 3581 318 3633 et
353 3573 498 3634 maxime
534 3572 732 3635 Francisous
767 3593 827 3634 rex
863 3569 992 3634 Galliae
1027 3569 1217 3634 obsistebat.
1266 3563 1302 3629 Si
1334 3584 1409 3626 vero

285 3667 354 3732 Leo
379 3669 412 3732 X
448 3678 599 3732 currente
630 3692 659 3734 a.
695 3667 780 3732 1518
812 3691 831 3732 6
862 3668 1092 3732 Maximiliano
1127 3667 1338 3753 postulasset,
1375 3672 1410 3724 ut
1507 3727 1508 3730 ,

285 3788 415 3830 summa
438 3769 633 3831 auctoritate
658 3790 717 3831 sua
741 3766 904 3851 imperiali
929 3767 1080 3831 adhibita
1095 3777 1270 3830 nascentes
1288 3785 1408 3829 errores

284 3866 487 3949 reprimeret,
520 3867 620 3928 etiam
650 3863 759 3930 Caroli
784 3865 814 3928 V
846 3865 998 3929 electioni
1028 3875 1059 3928 et
1088 3865 1160 3929 aliis
1185 3861 1406 3927 Maximiliani

285 3962 459 4026 desideriis
483 3965 588 4045 magis
612 3964 725 4027 favere
750 3963 928 4030 debuisset.
969 3962 1081 4043 Quum
1098 3965 1200 4046 igitur
1217 3961 1406 4042 confideret,

285 4059 361 4124 aliis
392 4060 707 4142 mediissdhibitis,
741 4070 849 4124 motus
873 4061 1012 4125 Lutheri
1037 4063 1071 4124 in
1096 4059 1277 4124 Germania
1300 4057 1407 4123 adhuc

361 4272 382 4342 ¹)
402 4271 525 4336 Ltschen
545 4272 579 4326 Π.
599 4273 660 4330 463.
