3336 4908
331 410 372 465 De
389 410 556 468 Jansenismi
574 411 681 482 origine
699 417 729 466 et
746 426 898 480 progressu.
1126 412 1179 474 ata

70 576 242 634 censemus,
282 563 429 618 attamen
471 553 686 636 arbitramur,
726 555 930 620 Jansenismi
971 558 1108 622 exordia
1148 567 1181 620 et

68 674 245 736 progressus
269 654 349 716 satis
383 653 544 737 explicari
576 675 617 717 ex
642 655 682 716 iis
705 670 791 738 quae
815 653 970 718 historice
997 655 1061 718 sibi
1091 664 1179 719 certo

68 760 215 816 constant.

144 947 173 1010 4.
198 947 306 1010 Natus
331 957 379 1010 est
399 944 563 1010 Cornelius
575 948 753 1022 Joncenc'us
776 970 804 1013 a.
826 932 916 1013 1585
935 950 988 1012 die
1005 950 1065 1012 28⁰
1082 947 1179 1016 Octo·

65 1042 134 1122 bris,
167 1045 200 1107 in
225 1043 426 1108 Hollandiae
451 1045 610 1108 comitatu
634 1044 881 1128 Leerdamensi,
914 1069 980 1111 non
1010 1048 1180 1111 tamenin

65 1141 176 1226 oppido
201 1142 402 1223 Leerdamo,
437 1141 494 1205 sed
527 1144 561 1206 in
592 1142 736 1227 quodam
770 1165 854 1228 pago
884 1145 972 1229 quod
1004 1144 1180 1209 urbeculae

63 1239 167 1302 subest
189 1249 222 1302 et
238 1239 354 1324 Accoy
371 1240 510 1304 ¹elicitur.
557 1241 717 1304 Parentes
743 1241 859 1304 habuit
883 1243 1047 1325 honestos,
1073 1243 1180 1308 catho-

63 1335 139 1401 licae
160 1336 312 1422 religioni
337 1337 499 1426 addictos.
550 1339 670 1421 „Pater
695 1341 755 1420 (ait
779 1340 975 1424 Leydecker
999 1341 1036 1407 L.
1055 1341 1079 1404 l.
1106 1363 1132 1406 o.
1151 1341 1181 1423 l)

63 1434 240 1518 appellatus
264 1437 327 1499 fuit
352 1435 531 1500 vernaculo
557 1438 691 1500 nomine
707 1436 781 1501 dan
806 1437 916 1518 Otthe,
943 1448 1047 1502 mater
1070 1448 1181 1502 antem

62 1531 178 1618 Lyntje
202 1532 375 1619 Gysberts,
410 1556 470 1598 ceu
495 1534 644 1598 referunt
668 1537 870 1619 superstites
903 1535 991 1599 unde
1015 1534 1070 1598 hio
1094 1535 1181 1599 filius

64 1627 229 1695 Cornelius
244 1633 372 1698 Jansen
397 1633 506 1696 dictus
530 1643 588 1713 est,
613 1634 750 1717 antiquo
771 1632 863 1715 vulgi
889 1635 924 1696 in
940 1633 1054 1717 Belgio
1080 1655 1180 1708 more,

63 1738 92 1789 at
126 1728 229 1793 latine
261 1730 314 1794 vel
346 1731 475 1794 erudita
506 1732 740 1794 terminatione
772 1730 944 1794 Cornelius
968 1731 1178 1795 Jansenius.“

63 1823 216 1891 Sacerdos
255 1829 392 1914 qnidam
430 1829 686 1893 Leerdamensis
730 1851 805 1892 eum
845 1831 959 1913 primis
997 1829 1181 1893 litterarum

64 1923 256 1989 rudimentis
281 1925 418 2008 imbuit3
443 1928 564 2006 missus
589 1926 665 1989 dein
692 1937 740 1989 est
764 1927 995 2011 llltrajectum,
1019 1937 1056 1991 ut
1078 1927 1182 1991 latina

64 2020 250 2105 diligentius
269 2023 465 2103 addisceret,
491 2024 605 2109 ibique
629 2023 883 2089 humanioribus
906 2023 1023 2088 litteris
1047 2047 1180 2111 operam

64 2118 156 2186 dedit.
206 2121 305 2185 Anno
340 2122 425 2187 1602
465 2123 654 2187 Lovanium
694 2144 728 2185 se
766 2122 904 2186 contulit
942 2144 1046 2186 annos
1085 2133 1182 2193 natus

63 2219 305 2303 septemdecim,
332 2229 368 2282 ut
391 2219 434 2283 ad
458 2218 663 2283 Academica
687 2221 836 2283 animum
861 2219 1048 2304 appelleret.
1097 2221 1182 2285 Tan·

63 2324 124 2379 tum
150 2339 230 2380 vero
255 2318 395 2402 profecit
419 2320 454 2381 in
479 2316 616 2402 collegio
637 2317 807 2399 Falconis,
829 2329 869 2381 ut
892 2317 1030 2381 solemni
1056 2341 1182 2402 promo-

62 2415 143 2478 tione
168 2414 586 2480 a.16041auream.inter
610 2414 825 2500 philosophos
851 2426 985 2479 centum
1011 2416 1124 2480 decem
1150 2428 1182 2481 et

62 2523 127 2574 octo
160 2515 288 2598 primus
319 2515 502 2597 reportarit,
529 2535 731 2599 quamquam
768 2535 833 2577 non
863 2512 988 2599 absque
1019 2516 1181 2598 tumultu3

61 2610 118 2694 ipsi
153 2613 242 2674 enim
276 2611 507 2697 opponebatur
537 2611 674 2697 quidam
707 2611 828 2676 nobilis
861 2612 1115 2696 Antverpiensis
1146 2622 1183 2676 ut

62 2729 116 2772 ceu
141 2709 274 2792 dignior
297 2709 527 2794 praeferretur.

124 2906 176 2988 5·
224 2905 307 2968 Erat
338 2916 448 2969 autem
480 2906 574 2968 initio
598 2905 778 2970 lansenius
807 2903 906 2968 valde
939 2904 1092 2968 addictus
1116 2907 1183 2976 PP.

61 3001 204 3082 Jesuitis,
236 3003 278 3067 ad
310 3024 392 3087 quos
422 3005 522 3065 etiam
555 3002 637 3065 alios
669 3002 821 3083 adduxit,
854 3011 954 3087 atque
984 3004 1055 3087 ipse
1086 3015 1123 3066 ut
1147 3007 1180 3068 in

63 3096 255 3164 Societatem
280 3102 482 3185 reciperetur
505 3102 609 3185 petiit.
643 3100 683 3162 Id
698 3121 776 3162 vero
794 3121 859 3162 non
885 3101 1085 3185 impetravit,
1110 3111 1181 3165 tum

62 3197 99 3260 ob
130 3197 358 3262 valetudinem
391 3201 502 3262 minus
532 3197 672 3279 firmam,
704 3207 775 3260 tum
799 3220 838 3260 ac
862 3197 945 3260 forte
970 3201 1115 3261 maxime
1139 3198 1181 3262 ob

63 3295 282 3360 characterem
300 3299 414 3381 ipsius,
441 3295 493 3359 vel
510 3297 588 3380 quia
606 3296 677 3380 ejus
690 3297 898 3359 vocationem
917 3305 1026 3380 patres
1041 3295 1181 3359 solidam

64 3415 124 3457 non
142 3416 214 3457 esse
229 3404 438 3459 censuerunt.
473 3393 637 3473 Quamvis
649 3415 714 3456 non
737 3402 868 3457 exstent
881 3402 969 3456 certa
983 3393 1183 3456 documenta

64 3488 226 3571 historica,
241 3493 328 3577 quod
346 3492 435 3572 inde,
452 3501 488 3554 ut
500 3495 622 3576 passim
638 3493 803 3570 asseritur,
820 3490 1000 3554 vehemens
1016 3491 1129 3554 odium
1147 3492 1182 3554 in

64 3587 204 3654 lesuitas
216 3592 428 3671 contraxerit,
446 3601 558 3653 tamen
571 3591 649 3652 satis
666 3587 836 3673 probabile
853 3597 909 3668 est,
927 3610 968 3651 ex
981 3609 1018 3651 eo
1034 3598 1182 3674 tempore

64 3685 155 3752 facile
180 3688 251 3773 ejus
275 3690 425 3752 animum
439 3688 605 3763 aversioni
620 3686 752 3751 cuidam
767 3685 904 3750 obvium
921 3687 1031 3752 fuisse.
1062 3686 1128 3752 Sed
1143 3708 1181 3750 eo

64 3793 206 3873 tempore
238 3788 336 3849 etiarn
362 3786 637 3850 consuetudinem
662 3787 737 3848 iniit
769 3807 844 3849 cum
868 3784 995 3849 Jacobo
1020 3784 1181 3849 Jansonio

65 3881 378 3964 Amstelodamensi,
408 3884 482 3968 Baji
508 3882 670 3968 discipulo
697 3905 794 3968 quem
814 3884 884 3966 jam
911 3882 1182 3945 commemoravi-

66 3997 142 4061 mus,
167 4003 229 4044 nec
253 3979 392 4045 dubium
419 3991 475 4059 est,
501 3983 601 4045 istum
619 3981 727 4042 virum
743 3979 817 4063 Baji
835 3980 994 4043 doctrinis
1009 3979 1181 4042 addictum

67 4088 95 4138 et
122 4081 324 4145 Jesuitarum
357 4079 596 4159 adversarium,
636 4100 750 4140 sensus
784 4099 859 4140 suos
892 4079 992 4140 etiarn
1020 4076 1181 4141 lansenio

68 4175 218 4242 instillare
242 4179 351 4241 nisum
376 4199 456 4240 esse.
