2964 4912
319 483 373 536 300
718 480 776 536 XL.
812 481 854 535 De
871 481 1051 537 Jansenismc.

321 626 469 688 severius
494 647 527 688 se
551 636 702 688 acturum
728 625 863 711 ejusque
888 624 1051 689 auxilium
1076 623 1281 710 postulabat3
1305 623 1426 687 alterum

320 723 364 787 ad
381 724 553 808 episcopos
566 731 786 806 acceptantes,
804 744 868 807 quo
894 744 1006 786 eorum
1028 722 1221 786 fidelitatem
1238 721 1390 785 laudabat
1404 731 1428 782 et

322 830 435 883 contra
460 819 724 883 machinationes
740 820 954 882 renitentium
972 842 1027 883 eos
1044 818 1208 886 munibat.
1246 819 1345 884 Bulla
1366 840 1427 881 vero

321 918 363 981 ad
381 917 565 983 Sorbonam
590 918 668 981 data
692 921 804 981 omnia
828 917 1004 1003 privilegia
1028 921 1058 981 ei
1083 940 1241 982 concessa
1265 917 1429 1002 suspendit.

320 1017 493 1100 speciatim
526 1009 718 1079 facultatem
750 1015 968 1100 promovendi
1001 1016 1045 1079 ad
1077 1015 1199 1100 gradus
1229 1017 1429 1079 academicos.

320 1113 423 1177 Ideo
449 1114 581 1199 majoris
606 1122 675 1177 erat
699 1115 874 1196 momenti,
900 1114 989 1199 quod
1013 1136 1055 1176 ex
1080 1112 1289 1179 Concor-dato
1316 1117 1430 1197 vigente
1469 1133 1470 1196 i

322 1213 433 1274 omnia
465 1211 644 1292 beneficia,
682 1234 766 1297 quae
795 1232 1008 1297 permenses
1032 1211 1251 1294 Januarium,
1289 1210 1431 1295 Aprilem,

322 1308 451 1374 Julium
477 1318 510 1372 et
533 1309 713 1374 Octobrem
738 1312 773 1373 in
798 1309 907 1374 Gallia
932 1308 1115 1391 vacabant,
1146 1309 1320 1393 graduatis
1344 1307 1412 1372 conl
1426 1344 1431 1351 ·
1469 1233 1471 1384 l

322 1407 427 1471 renda
451 1418 553 1471 erant.
593 1406 660 1470 Sed
684 1409 719 1470 in
743 1418 857 1492 aperta
880 1406 1059 1471 rebellione
1076 1409 1224 1492 episcopi
1249 1417 1282 1472 et
1302 1407 1432 1472 doctores
1470 1439 1471 1474 ς

325 1503 494 1569 Sorbonae
518 1516 781 1589 perseverarunt.
1470 1551 1471 1558 .

415 1603 468 1666 90.
506 1601 731 1688 Appellationc
767 1627 787 1666 u
821 1604 914 1688 Papa
950 1603 993 1666 ud
1027 1600 1220 1681 Concilium,
1261 1625 1359 1689 quam
1391 1602 1433 1664 die

252 1676 272 1704 θ’
327 1701 363 1764 1⁰
377 1701 494 1764 Martis
510 1723 539 1766 a.
560 1700 643 1764 1617
660 1711 801 1785 quatuor
816 1702 963 1785 episcopi
985 1710 1098 1765 contra
1114 1701 1246 1766 Bullam
1267 1701 1435 1786 Unipcuitus

325 1800 522 1878 emiserunt,
553 1797 635 1862 haec
659 1797 794 1862 rebellio
820 1797 989 1881 fastigium
1013 1800 1140 1883 attigit3
1174 1799 1250 1863 talis
1274 1797 1434 1884 appellatio

324 1905 439 1960 contra
463 1895 691 1959 definitionem
716 1895 941 1978 dogmaticam
966 1896 1139 1960 Pontificis
1172 1899 1305 1960 nonnisi
1329 1907 1374 1957 ter
1398 1915 1434 1957 eo·

324 2016 429 2079 usque
467 1992 509 2056 ab
549 1992 741 2057 hominibus
779 1994 971 2072 haereticis,
1020 1994 1146 2058 scilicet
1182 2017 1202 2057 a
1240 1995 1390 2077 Pelagio,
1421 2014 1432 2052 a

324 2090 488 2156 Micha'e'le
513 2089 696 2154 Caesenate
728 2101 760 2154 et
784 2115 804 2154 a
828 2091 975 2155 Luthero
1000 2092 1089 2156 facta
1113 2102 1192 2156 erat.
1240 2091 1348 2155 Erant
1370 2091 1431 2174 epis-

325 2191 399 2274 copi
434 2187 481 2252 illi
506 2191 620 2252 Petrus
644 2188 776 2253 Sounen
800 2187 999 2252 Sanitiensis
1033 2189 1182 2276 (Senes),
1218 2188 1293 2254 Car.
1320 2187 1431 2252 Colben

324 2289 500 2372 episcopus
533 2287 825 2371 Montispessnlani
862 2287 1114 2374 (Montpellier),
1148 2289 1266 2352 Petrus
1291 2283 1432 2369 Delanglc

325 2385 542 2463 Boloniensis‚
569 2394 600 2447 ct
616 2383 734 2448 Petrus
756 2385 797 2447 de
812 2383 843 2448 la
859 2385 968 2448 Broue
985 2386 1217 2470 Mirapicensis
1242 2382 1431 2470 (Mirepoix):

325 2505 439 2547 eorum
473 2504 551 2546 vero
590 2481 778 2566 exemplum
823 2483 927 2545 secuti
961 2494 1037 2546 sunt
1071 2482 1163 2546 multi
1198 2483 1351 2546 doctores
1381 2482 1430 2545 Sor·
1463 2380 1473 2592 l

325 2581 455 2659 bonici,
488 2579 618 2664 clerici,
649 2579 772 2664 aliique
797 2581 904 2644 omnis
929 2581 1129 2644 conditionis
1154 2581 1217 2643 viri
1242 2590 1275 2644 et
1299 2581 1429 2644 feminae,

327 2678 515 2743 Cardinalis
560 2679 601 2743 de
640 2677 786 2742 Noailles
830 2679 864 2742 in
908 2678 1067 2742 archiviis
1109 2677 1357 2763 episcopalibus
1396 2677 1431 2739 dic

325 2778 365 2841 3⁰
388 2776 513 2860 Aprilis
546 2778 670 2861 pariter
703 2777 856 2861 deposuit
890 2776 1147 2861 appellationem
1182 2779 1216 2839 in
1254 2798 1322 2861 qua
1355 2777 1430 2840 dicit:

326 2874 356 2938 A
381 2874 528 2958 Pontifice
551 2874 719 2959 manffcstc
750 2874 878 2959 decepto
909 2884 939 2936 ct
965 2873 1194 2939 Constitutione
1223 2875 1432 2960 Unigenitus

319 2977 420 3062 juata
448 2970 698 3036 Constantianus
721 2983 751 3035 ct
774 2970 970 3035 Busilcensis
998 2970 1132 3036 Consilii
1155 2971 1283 3035 decretu
1308 2972 1352 3035 cd
1373 2971 1431 3034 Pon·

327 3070 438 3153 tificcrn
468 3068 579 3133 inclina
603 3069 794 3133 edocendum
824 3079 853 3132 et
879 3067 1054 3134 Concilium
1076 3069 1222 3156 pencrolc
1247 3069 1345 3133 libare
1367 3079 1392 3131 ot
1409 3067 1431 3128 iu

327 3167 394 3231 loco
419 3177 483 3231 tuto
507 3166 728 3230 celebrandum
752 3168 823 3230 Nos
929 3167 1137 3252 appellamus.
1164 3205 1207 3214 -
1234 3162 1431 3231 Clemenle

328 3264 369 3328 de
393 3264 446 3328 his
479 3266 598 3328 certior
620 3265 788 3346 redditus,
824 3264 878 3327 die
905 3265 964 3328 19⁰
989 3265 1162 3328 Februarii
1188 3289 1216 3328 a.
1246 3264 1432 3329 17181οο1-

328 3371 477 3426 mentum
511 3361 743 3448 appellationis
775 3371 917 3447 quatuor
941 3363 1169 3447 episcoporum
1203 3363 1432 3427 schismaticum

328 3470 362 3524 et
385 3460 599 3531 haereticum.
625 3459 706 3524 illud
731 3471 842 3523 autem
866 3459 1107 3545 archiepiscopi
1132 3461 1332 3525 Parisiensis
1354 3459 1432 3523 schis-

331 3559 489 3621 maticum
514 3569 546 3622 et
559 3558 724 3621 haeresim
749 3559 879 3642 sapiens
897 3557 1088 3623 declaravit.
1128 3558 1232 3622 Paulo
1249 3571 1324 3643 post
1346 3553 1433 3644 appel·

329 3655 470 3719 lontibus
500 3657 678 3719 terminum
703 3657 931 3740 praescripsit,
965 3658 1050 3719 intra
1075 3678 1173 3740 quem
1198 3657 1430 3741 appellationem

329 3775 423 3815 suam
456 3764 661 3818 revocarent.
709 3753 757 3817 Eo
791 3753 920 3838 elapso,
957 3754 1011 3817 die
1045 3753 1106 3816 280
1129 3754 1275 3836 Augusti
1307 3778 1336 3817 a.
1366 3749 1430 3816 lili

329 3851 472 3916 Litteras
490 3850 667 3916 Pastor-ulis
690 3851 790 3936 officii
814 3851 906 3915 dedit
930 3851 972 3914 ad
988 3851 1160 3914 universos
1183 3851 1308 3934 fideles,
1333 3849 1431 3936 quibus

330 3948 529 4030 declaravit,
563 3949 766 4032 refragantes
800 3949 914 4013 Bullae
943 3949 1130 4035 Unigenitus
1164 3973 1184 4012 a
1208 3972 1269 4014 sua
1301 3959 1331 4014 et
1354 3949 1382 4014 S.
1402 3945 1429 4008 li.

330 4045 500 4111 Ecclesiae
525 4047 684 4111 charitate
709 4069 842 4131 prorsus
863 4070 933 4111 esse
957 4057 1155 4132 segregatos,
1182 4043 1428 4134 nullamquesibi

332 4142 383 4206 vel
418 4145 454 4209 R.
479 4144 650 4208 Ecclesiae
686 4167 761 4207 cum
795 4144 858 4208 illis
892 4147 1159 4208 communionem
1195 4146 1427 4210 ecclesiasticam
1472 4189 1473 4202 .

331 4242 540 4321 exstituram,
567 4241 673 4305 donec
696 4243 818 4327 rejecta
842 4244 973 4327 penitus
997 4242 1187 4326 refragandi
1212 4243 1364 4324 audacia,
1385 4257 1429 4324 per
