3020 4908
388 456 428 508 De
447 454 624 508 Pontificibus
642 454 743 510 saeculi
762 455 866 514 XVIII.
1136 457 1188 512 399

78 621 137 662 non
167 599 307 685 amplius
338 597 580 682 agnoscebatur
613 598 675 662 hoo
700 601 880 682 omitteret,
916 601 995 685 quia
1020 622 1058 663 ea
1089 599 1131 664 de
1154 623 1188 664 re
1230 604 1335 644 ⁰¹0m011·

76 700 291 780 praemonitus
321 719 388 762 non
421 697 529 760 fuerat
563 698 661 760 sicuti
693 699 813 761 caeteri
842 697 959 781 legati,
995 720 1055 761 rex
1085 700 1188 763 iratus

75 795 230 858 Nuntium
262 816 321 880 per
345 794 465 859 milites
488 817 514 858 .e
538 817 639 878 regno
671 794 751 858 fecit
774 795 887 875 educi,
922 795 1067 878 legatum
1092 819 1188 860 suum

75 901 177 956 autem
208 915 284 956 cum
309 892 464 956 omnibus
496 892 638 956 subditis
667 883 864 956 suis'Roma
896 895 1060 958 avocavit.
1108 894 1189 959 Sub-

75 989 152 1053 ditos
182 1012 278 1075 porro
303 989 491 1076 pontifici0s
516 1014 533 1054 e
557 991 732 1054 Lusitania
756 992 847 1053 exire
873 990 990 1076 jussit,
1021 1014 1146 1056 merces
1169 1016 1189 1056 a

74 1087 191 1154 ditione
214 1090 366 1153 Romana
388 1110 489 1172 regno
515 1110 574 1170 suo
599 1087 714 1152 invehi
738 1088 924 1173 prohibuit,
956 1088 1100 1174 denique
1123 1112 1192 1161 om·,

72 1186 163 1251 nibus
187 1186 317 1250 clericis
340 1197 373 1250 et
395 1186 490 1250 laicis
515 1186 699 1268 interdixit,
724 1208 766 1249 ne
791 1189 861 1251 sine
884 1186 1020 1250 licentia
1037 1189 1187 1272 primarii

71 1283 250 1349 administri
285 1286 547 1370 dispensationes
584 1283 638 1348 vel
667 1286 897 1348 concessiones
921 1282 1004 1347 ullas
1037 1283 1078 1348 ab
1112 1284 1188 1349 aula

70 1384 234 1466 pontificia
258 1393 408 1468 peterent
432 1391 490 1446 aut
514 1384 691 1467 pecuniam
716 1384 751 1444 in
775 1383 975 1446 territorium
1000 1382 1186 1447 Romanum

71 1481 239 1546 mitterent.
287 1481 381 1545 Haec
413 1478 580 1544 discordia
611 1479 807 1564 perduravit
837 1501 942 1564 usque
970 1479 1013 1542 ad
1038 1477 1186 1543 Clemen-

69 1587 129 1642 tem
152 1580 258 1661 XIV,
290 1578 351 1643 sub
377 1600 440 1664 quo
465 1601 493 1642 a.
523 1577 609 1642 1770
634 1599 692 1641 rex
715 1599 841 1642 novum
864 1577 1027 1641 Nuntium
1051 1577 1187 1642 admisit

69 1685 98 1738 et
118 1678 454 1741 communicationem
472 1697 547 1740 cum
565 1675 759 1760 Apostolica
776 1674 860 1738 Sede
884 1677 1036 1740 restituit.
1076 1676 1187 1762 Hujus

68 1795 139 1838 vero
173 1776 381 1860 aliarumque
418 1774 662 1838 dissensionum
698 1785 813 1838 auctor
847 1774 911 1837 fuit
943 1771 1107 1837 Carvalho
1143 1774 1186 1838 de

68 1871 201 1956 Pombal
243 1874 421 1958 primarius
455 1874 543 1956 regis
578 1872 792 1953 administer,
831 1892 895 1957 quo
938 1880 1011 1956 post
1046 1881 1183 1936 mortem

66 1969 228 2056 IosephiI
252 1976 295 2054 (a.
323 1971 421 2056 1777)
446 1994 466 2034 a
489 1971 596 2034 Maria
619 1971 801 2034 Francisca
824 1971 941 2053 regina
964 1979 1083 2052 amoto,
1109 1992 1183 2034 con-

67 2068 171 2132 cordia
194 2071 282 2133 inter
305 2069 415 2134 aulam
432 2070 626 2134 Lusitaniae
651 2079 683 2133 et
697 2069 923 2154 Apostolicam
942 2067 1061 2133 Sedem
1086 2067 1184 2153 plene

65 2169 208 2232 restituta
233 2178 292 2232 est.

146 2267 199 2329 29.
241 2263 420 2329 Graviores
455 2267 555 2328 etiam
579 2265 778 2328 offensiones
813 2263 855 2327 ab
880 2263 965 2327 aulis
985 2262 1183 2328 Borbonicis

64 2382 233 2447 perpessus
269 2375 317 2426 est
342 2361 495 2426 Clemens
518 2363 621 2444 XIII,
658 2385 760 2448 quum
785 2361 1037 2426 Perdinandum
1062 2361 1180 2425 ducem

64 2456 272 2526 Parmensem
304 2461 345 2525 ob
370 2459 526 2524 violatam
558 2462 803 2525 immunitatem
836 2459 1093 2523 ecclesiasticam
1126 2481 1180 2522 ex-

62 2562 341 2623 communicasset.
388 2558 622 2622 Perdinandus
651 2556 808 2622 videlicet
839 2559 895 2643 qui
920 2558 1068 2621 Romano
1092 2557 1175 2621 Pon-

60 2656 152 2739 tifici,
184 2658 280 2743 cujus
303 2656 525 2720 feudatarium
549 2678 688 2739 regnum
711 2656 860 2736 tenebat,
893 2655 1094 2740 peculiarem
1119 2656 1171 2719 de-

62 2752 152 2819 bebat
175 2756 409 2833 reverentiam,
436 2753 641 2817 Clementem
664 2756 860 2837 gravissime
885 2753 1031 2817 offendit.
1079 2753 1180 2818 Anno

63 2853 141 2917 1764
165 2854 288 2932 vetuit,
318 2874 359 2915 ne
384 2851 532 2915 ecclesiis
556 2862 614 2914 aut
638 2853 845 2916 monasteriis
869 2850 943 2936 plus
967 2873 1065 2936 quam
1090 2853 1180 2936 vige-

61 2951 136 3014 sima
167 2954 270 3015 totius
294 2949 510 3014 haereditatis
540 2972 616 3034 pars
645 2959 840 3014 testamento
872 2949 1051 3033 legaretur,
1087 2971 1178 3032 prae-

62 3051 151 3133 cepit,
177 3060 214 3112 ut
230 3049 342 3133 quivis
357 3057 434 3111 ante
451 3047 688 3132 professionem
706 3047 894 3130 religiosam
911 3046 1065 3110 omnibus
1083 3047 1179 3110 bonis

60 3147 292 3231 temporalibus
323 3148 444 3230 scripto
468 3147 688 3226 renuntiaret3
726 3149 856 3225 statuit,
893 3153 929 3208 ut
958 3144 1052 3208 fundi
1081 3155 1180 3208 antea

60 3242 186 3308 tributis
211 3243 353 3328 subjecti
385 3243 502 3307 iisdem
528 3246 628 3306 etiam
654 3267 673 3306 a
697 3243 783 3308 clero
817 3245 970 3329 acquisiti
996 3241 1177 3306 subessent.

60 3338 232 3427 Postquam
268 3341 422 3406 Pontifex
465 3342 583 3405 ducem
619 3342 662 3404 ad
697 3341 886 3406 revocanda
928 3341 1010 3404 haec
1046 3341 1180 3404 decreta

60 3437 174 3504 frustra
203 3439 392 3519 admonuit,
425 3439 523 3502 editis
555 3463 584 3506 a.
612 3440 695 3504 1767
721 3439 838 3504 litteris
869 3439 924 3502 illa
947 3441 1122 3502 temeraria
1145 3449 1179 3502 et

60 3537 147 3602 irrita
171 3536 364 3619 declaravit,
389 3546 420 3600 et
445 3538 640 3600 Parmenses
664 3537 755 3600 velut
779 3559 952 3622 supremae
976 3536 1070 3601 Sedis
1090 3536 1178 3620 Apo-

60 3636 188 3700 stolicae
213 3635 359 3699 dominio
384 3634 551 3720 subjectos
574 3633 616 3698 ab
635 3634 825 3700 obedientia
842 3636 961 3698 iisdem
978 3634 1179 3719 praestanda

60 3731 216 3816 absolvit,
249 3733 367 3797 ducem
399 3742 431 3796 et
454 3753 568 3797 omnes
600 3734 656 3818 qui
685 3732 727 3796 ad
753 3732 885 3796 decreta
909 3735 972 3796 ista
1002 3731 1179 3797 condenda

60 3833 221 3915 cooperati
252 3831 407 3906 fuissent,
440 3832 784 3894 excommunicatione
808 3832 842 3893 in
868 3830 1007 3894 diversis
1031 3830 1175 3894 decreta·

60 3925 143 3992 libus
172 3951 211 3992 ac
240 3929 437 3992 nominatim
468 3930 502 3991 in
527 3928 623 3992 Bulla
647 3930 685 3991 Io
708 3951 806 3995 coeno
828 3929 960 3992 Domini
988 3926 1054 3991 lata
1085 3930 1176 3992 inno·

61 4023 150 4089 datos
181 4049 252 4090 esse
284 4028 522 4110 pronuntiavit.
568 4027 711 4089 Litteras
744 4027 821 4088 dein
854 4025 1029 4091 insolentia
1062 4026 1179 4111 plenas

62 4120 150 4187 ducis
173 4124 361 4188 Parmensis
385 4124 579 4188 administer
603 4124 658 4187 Du
675 4123 775 4188 Tillot
798 4123 841 4188 ad
857 4123 1051 4187 Pontificem
1076 4126 1175 4208 scrip-

61 4219 115 4302 sit,
150 4221 219 4285 dux
242 4243 320 4286 vero
344 4221 495 4286 aularum
519 4221 779 4286 Borbonicarum
805 4223 965 4306 sanguine
996 4222 1057 4286 sibi
1078 4222 1175 4307 juno·

1232 668 1261 706 tls
1277 668 1334 708 ΧΠ]

1243 737 1312 780 geru.
