2964 4912
326 499 379 555 302
725 497 782 555 XL.
819 499 860 553 De
877 498 1056 555 Jensenismo.

329 645 437 708 siense
462 643 583 727 adegit,
608 651 644 706 ut
666 641 798 706 Bullam
823 642 931 706 denuo
957 643 1043 705 inter
1065 641 1154 724 leges
1178 641 1329 726 publicas
1352 643 1435 705 refer-

328 751 386 823 ret,
416 764 481 828 quo
506 742 590 805 facto
615 741 740 804 nemini
765 742 901 826 impune
924 740 1047 804 licebat
1070 761 1142 802 eam
1167 739 1302 826 publice
1325 741 1436 824 impug-

328 863 408 904 nare
433 848 490 903 aut
513 839 555 902 ab
573 862 611 902 ea
627 836 802 923 appellere.
842 837 898 902 Sic
919 838 1018 902 factio
1035 837 1288 923 Appellantium,
1314 860 1435 923 quorum

329 937 423 1002 multi
447 938 605 1022 fugerunt
627 937 662 998 in
679 935 903 1017 Hellendiam,
931 936 1028 999 valde
1046 937 1231 1018 imminuta,
1258 946 1434 999 nontamen

328 1037 493 1100 exstincte
516 1047 574 1099 est.

419 1134 471 1199 92.
512 1132 563 1196 Illi
589 1133 646 1218 qui
669 1133 890 1217 acceptationi
906 1131 1022 1195 Bullae
1044 1132 1230 1218 Unipene‘tue
1254 1132 1436 1210 restiterant,

206 1267 273 1296 nar.
329 1241 417 1294 certe
441 1253 483 1293 ex
507 1241 600 1314 parte
624 1251 690 1293 non
714 1231 846 1294 fuerant
866 1229 1077 1295 Jansenistae
1101 1231 1212 1292 stricto
1237 1229 1340 1314 hujus
1364 1231 1438 1292 vocis

329 1351 445 1412 sensu,
478 1328 536 1392 sed
561 1329 617 1413 qui
641 1337 715 1413 post
738 1329 924 1391 restitutam
948 1349 1065 1412 pacem
1094 1330 1128 1391 in
1153 1329 1361 1413 oppositione
1383 1349 1437 1411 per·

329 1436 530 1507 manserunt,
556 1448 631 1490 cum
649 1426 848 1490 Jansenistis
873 1427 907 1489 in
932 1447 1033 1489 unam
1052 1424 1231 1488 factionem
1249 1424 1436 1489 coaluerunt.

330 1524 443 1604 Quum
476 1545 554 1588 vero
588 1546 731 1608 eousque
765 1526 800 1588 in
829 1523 939 1588 Gallia
963 1524 1167 1588 Jansenismi
1202 1545 1304 1586 causa
1339 1522 1436 1586 saltem

329 1643 406 1686 cum
441 1620 585 1705 quadem
610 1620 782 1705 dignitatis
815 1623 924 1706 specie
960 1629 1168 1705 propugnata
1192 1631 1296 1700 esset,
1333 1621 1438 1684 exinde

323 1719 396 1805 jam
421 1717 550 1782 factiosi
574 1720 608 1781 in
633 1718 765 1782 turbam
790 1718 890 1781 vilem
920 1727 952 1780 et
975 1718 1138 1803 abjectam
1164 1717 1292 1782 ibidem
1317 1719 1438 1802 degene-

330 1827 460 1896 rarunt,
493 1826 525 1879 et
548 1817 681 1880 nonnisi
706 1815 889 1880 tenebrosis
912 1816 1039 1879 artibus
1063 1825 1185 1880 sectam
1210 1838 1306 1878 suam
1331 1826 1438 1879 susten·

327 1924 494 1978 taverunt.
541 1915 687 1998 Tempus
712 1915 800 1977 enim
825 1915 983 1977 successit
1010 1911 1331 1993 Coovulsioeore'smi,
1356 1934 1436 1998 quern

329 2013 467 2076 fanatici
507 2013 561 2074 isti
594 2022 631 2075 ut
663 2012 794 2095 signum
827 2013 977 2075 veritatis
1018 2010 1264 2091 exlribebant.¹)
1318 2011 1435 2094 Singula

328 2112 483 2196 persequi
514 2131 579 2174 non
604 2117 720 2190 vacat3
756 2103 920 2194 quaedam
944 2110 1082 2172 innuere
1115 2108 1268 2174 sufficiet.
1316 2108 1435 2173 Sectarii

329 2210 433 2293 igitur
462 2208 505 2272 ad
536 2206 813 2272 corroborandam
843 2207 1023 2271 factionem
1048 2229 1141 2270 suam
1173 2206 1312 2290 vulgare
1344 2227 1436 2290 coepe·

328 2316 408 2370 runt
431 2306 598 2391 prodigia,
632 2304 851 2390 quorumdam
876 2304 1126 2390 Appellantium
1151 2305 1384 2369 defunctorum
1404 2305 1435 2366 in·

330 2407 538 2484 tercessione,
561 2413 597 2467 ut
612 2402 768 2467 dicebant
784 2411 922 2488 patrata.
963 2403 1111 2466 Maxime
1127 2402 1347 2467 venditarunt
1362 2403 1434 2466 mira·

332 2501 406 2565 cula
439 2501 611 2565 Francisci
634 2501 728 2564 Paris
763 2500 895 2564 diaconi
929 2501 1124 2565 Parisiensis
1159 2523 1247 2564 anno
1284 2502 1370 2564 1727
1399 2499 1432 2562 de

329 2599 435 2663 functi
460 2608 492 2663 et
516 2601 549 2663 in
575 2599 770 2662 coemeterio
795 2621 819 2664 s.
844 2598 996 2662 Medendi
1020 2597 1150 2683 sepulti,
1176 2597 1291 2684 ibique
1315 2598 1431 2683 aegrotis

329 2698 506 2760 sanitatem
529 2697 658 2759 restitui
684 2695 924 2778 decantabant,
957 2698 1002 2760 ita
1026 2706 1063 2759 ut
1087 2696 1181 2760 brevi
1205 2699 1326 2780 ingens
1351 2695 1433 2760 multi·

330 2793 411 2858 tudo
445 2816 482 2858 eo
517 2793 706 2859 conflueret.
761 2793 815 2857 Ab
850 2816 936 2858 anno
968 2795 1050 2858 1731
1085 2816 1175 2858 nova
1207 2804 1241 2858 et
1275 2794 1434 2879 singularia

332 2892 562 2976 phaenomena
584 2893 619 2954 in
637 2895 832 2956 coemeterio
857 2915 881 2958 s.
898 2892 1051 2957 Mederdi
1068 2892 1297 2956 exhibuerunt
1311 2890 1432 2956 sectarii:

331 2989 379 3053 illi
403 2989 529 3054 scilicet
553 2991 608 3075 qui
634 2990 783 3075 sepulcro
807 2992 979 3055 Francisci
1003 2989 1254 3072 incumbebant,
1281 2991 1434 3054 vehemen-

329 3088 421 3152 tibus
456 3087 729 3152 convulsionibus
765 3089 1045 3174 corripiebantur,
1086 3111 1171 3175 quae
1207 3111 1345 3174 corpore
1376 3085 1434 3150 inde

330 3194 440 3248 amoto
465 3185 637 3248 confestim
663 3185 845 3269 cessabant,
871 3187 1058 3272 quibusque
1082 3209 1116 3250 se
1140 3210 1160 3250 a
1184 3186 1311 3250 morbis
1327 3195 1435 3250 sanatos

332 3282 498 3348 dicebant.
546 3284 704 3349 Nonnulli
737 3285 1009 3349 convulsionibus
1039 3287 1180 3370 correpti
1206 3285 1313 3348 verba
1341 3282 1433 3348 adhor-

332 3382 451 3444 tatorie
482 3381 535 3444 vel
566 3382 784 3446 consolatoria
814 3383 854 3446 ad
891 3385 1141 3447 circumstantes
1174 3383 1358 3463 faciebant,
1391 3387 1433 3442 aut

334 3487 449 3542 contra
465 3477 596 3542 Bullam
616 3481 801 3566 Uoipeeites
825 3480 1068 3563 declamabant,
1093 3490 1151 3544 eut
1174 3481 1432 3545 vaticinabantur.

331 3575 434 3640 Jussu
466 3577 556 3660 regio
589 3601 642 3642 an.
670 3579 755 3641 1732
779 3577 890 3642 aditus
921 3579 963 3642 ad
989 3579 1223 3642 coemeterium
1256 3602 1282 3644 s.
1306 3573 1432 3642 Medendi

334 3673 531 3737 interclusus
564 3685 621 3740 est.
668 3673 734 3738 Sed
760 3674 1106 3740 Oonvulsionerismus
1129 3675 1184 3739 ille
1218 3671 1433 3761 pseudomysti·

335 3792 393 3833 cus
417 3793 451 3834 se
476 3773 580 3855 magis
604 3775 802 3857 propagavit
817 3775 955 3838 Parisiis
980 3783 1012 3837 et
1035 3775 1068 3836 in
1091 3775 1194 3839 variis
1210 3774 1338 3839 Galliae
1353 3771 1431 3854 regio·

334 3866 434 3931 nibus
458 3869 543 3931 inter
566 3871 741 3950 sectarios,
775 3880 807 3934 et
831 3871 1063 3935 conventicula
1087 3882 1213 3936 secreta
1238 3874 1431 3959 perdurarunt

333 3965 556 4050 subsequente
579 3976 695 4049 aetate,
721 3968 803 4032 forte
828 3969 996 4054 usquead
1021 3969 1092 4032 dies
1113 3979 1253 4035 nostros.
1292 3966 1430 4036 Omnibus

332 4073 445 4126 autem
469 4066 657 4149 perpensis,
683 4066 894 4130 statuendum
918 4076 984 4149 est,
1008 4065 1241 4151 phaenomena
1266 4064 1429 4132 Convulsio-
1471 4117 1472 4152 ,

410 4268 431 4339 ¹)
452 4267 507 4323 Cfr.
527 4267 618 4333 Schill‚
638 4269 654 4322 l.
674 4285 696 4324 e
716 4270 805 4325 Sectis
823 4273 872 4329 ΙΙΙ.
892 4289 918 4340 p.
937 4273 990 4326 254
1007 4288 1063 4339 sqq.
