2964 4912
448 501 644 556 Declarationis
663 502 794 568 sequelae.
1128 502 1181 556 373

64 666 145 726 mus,
169 644 206 710 P.
230 645 373 728 Tyrsum
399 643 562 710 Gonzales
586 644 760 710 societatis
776 644 985 724 Generalem,
1010 647 1179 730 egregium

62 763 144 826 opus
167 753 308 828 quatuor
324 743 608 829 Propositionibus
631 743 874 808 Parisiensibus
899 743 1101 830 proflgandis
1125 742 1179 807 ad-

61 861 194 904 ornasse
224 844 378 927 typisque
402 841 562 923 edidisse,
598 841 685 926 quod
710 851 838 923 tamen,
875 863 916 905 ne
949 844 983 905 in
1008 841 1178 926 publicum

65 938 223 1021 prodiret,
260 961 333 1024 spes
357 961 433 1003 cum
458 938 554 1003 Gallo
584 939 805 1024 componendi
830 941 955 1022 effecit3
992 952 1028 1004 ut
1050 947 1179 1019 taceam

65 1037 190 1120 insigne
221 1036 312 1100 aliud
342 1057 425 1122 opus
455 1038 491 1102 P.
517 1036 646 1101 Nicolai
678 1037 878 1101 Pallavicini
909 1039 1103 1116 Innocentio
1128 1039 1180 1102 XI

63 1133 217 1199 dicatum.
265 1135 370 1218 Ergo,
406 1145 444 1198 ut
476 1135 564 1218 dixi,
601 1157 685 1220 quae
710 1136 752 1198 ab
777 1135 943 1221 aliquibus
975 1137 1179 1202 eSocietate

60 1233 205 1296 admissa
230 1243 315 1315 sunt,
341 1235 375 1297 in
399 1235 506 1318 ipsam
521 1232 720 1298 Societatem
742 1233 832 1298 nulla
850 1236 977 1298 ratione
992 1234 1179 1299 redundare

63 1341 204 1414 possunt.
254 1330 417 1410 Quamvis
451 1334 536 1396 enim
571 1333 607 1398 P.
642 1331 751 1415 Oerle,
787 1355 927 1417 magnus
960 1334 1178 1418 Apamiarum

63 1431 234 1511 Vicarius,
270 1430 304 1492 in
328 1429 473 1514 epistolis
499 1431 566 1494 suis
590 1430 633 1494 ad
656 1430 851 1494 Pontificem
875 1430 1061 1497 Romanum
1093 1432 1179 1496 datis

58 1527 170 1612 aliqua
203 1529 319 1590 recitet
327 1555 350 1610 ,⁴
372 1548 456 1612 qnae
494 1529 602 1612 ipsum
637 1525 809 1592 Societatis
841 1529 1032 1592 Instituturn
1066 1540 1179 1593 notare

63 1625 233 1706 videntur,
269 1625 469 1689 crediderim
502 1625 584 1688 haec
608 1624 671 1707 illi,
709 1628 759 1708 (ut
782 1625 856 1689 aliis
886 1649 1017 1713 quoque
1045 1631 1179 1692 sanctis·

63 1727 150 1788 simis
175 1726 287 1806 viris,)
324 1722 550 1788 calamitatum
582 1723 703 1809 quibus
735 1724 990 1789 conflictabatur
1019 1725 1179 1809 angustiis

62 1845 98 1885 ac
120 1821 238 1886 ardore
270 1821 461 1906 disputandi
487 1822 663 1903 excidisse,
701 1845 784 1907 quae
808 1832 925 1908 pacato
957 1835 1070 1908 postea
1095 1847 1178 1889 com-

61 1922 230 2006 positoque
254 1922 365 1984 animo
390 1942 457 1984 non
480 1923 601 2004 scripta
625 1920 857 2002 maluisset.“²)

146 2035 200 2100 66.
249 2033 436 2100 Studebant
465 2038 647 2100 universim
679 2037 827 2100 Jesuitae
859 2034 987 2100 Galliae
1019 2035 1177 2118 devitare,
1187 2036 1338 2150 assfflffl

61 2155 99 2197 nc
127 2134 373 2198 controversiae
406 2156 491 2218 quae
523 2137 742 2218 interregem
777 2144 809 2197 et
833 2136 1004 2219 episcopos
1037 2159 1104 2199 una
1136 2159 1178 2200 ex
1306 2139 1309 2144 ’
1342 2129 1348 2139 ’

58 2242 165 2314 parte,
203 2240 301 2316 atque
324 2231 520 2295 Pontificem
544 2232 731 2295 Romanum
755 2231 857 2295 altera
882 2255 923 2295 ex
947 2242 1039 2317 parte
1063 2233 1180 2317 flagra-

60 2328 123 2411 bat,
149 2351 184 2393 se
210 2330 451 2408 immiscerent3
475 2330 672 2413 prudentiae
696 2330 732 2394 id
754 2351 823 2394 esse
840 2327 1026 2395 videbatur.
1065 2329 1179 2416 Aliqui

61 2437 169 2492 tamen
196 2428 260 2490 viri
284 2449 302 2490 e
326 2426 507 2509 Societate,
542 2427 755 2512 opinionibus
778 2427 869 2493 falsis
893 2428 1103 2491 inhaerentes
1127 2428 1180 2492 vel

62 2524 193 2588 incauto
218 2523 347 2610 abrepti
371 2527 502 2606 ardore,
527 2527 665 2590 humani
690 2527 770 2612 quid
794 2529 882 2612 passi
907 2537 984 2590 sunt
1007 2529 1042 2590 in
1065 2527 1179 2591 litibus

61 2623 136 2688 istis.
187 2623 282 2687 Unus
306 2624 431 2688 alterve
455 2647 496 2688 ex
520 2626 658 2690 Jesuitis
683 2627 740 2710 qui
765 2626 798 2689 in
823 2625 959 2708 collegio
984 2623 1179 2710 Apamiensi

61 2720 274 2786 morabantur
304 2722 442 2786 refertur
465 2724 610 2808 apertius
642 2723 868 2787 manifestasse
898 2724 932 2787 in
957 2723 1105 2787 favorem
1132 2745 1179 2786 re-

60 2818 163 2900 galiae
190 2841 285 2882 sensa
309 2842 384 2901 sua;
409 2823 586 2906 praecipue
610 2830 720 2884 autem
744 2822 937 2885 Ludovicus
959 2821 1178 2905 Maimbourg,

61 2918 109 2980 vir
141 2917 200 3002 qui
229 2917 301 3002 jam
334 2919 369 2981 in
402 2917 475 2981 aliis
508 2917 662 3003 operibus
695 2918 860 2982 historicis
892 2918 1052 2982 audacius
1085 2918 1179 3003 plura

61 3017 251 3100 scripserat,
287 3018 374 3099 regis
406 3025 516 3101 partes
549 3019 583 3079 in
608 3039 708 3080 causa
731 3016 875 3099 regaliae
907 3018 1081 3080 temerarie
1112 3038 1179 3080 ore-

61 3120 152 3176 tenus
186 3121 217 3176 et
249 3115 380 3198 scriptis
412 3114 538 3178 studuit
563 3115 744 3180 vindicare.
791 3115 841 3178 Eo
873 3137 925 3178 res
957 3115 1107 3195 devenit,
1144 3123 1180 3178 ut

53 3209 194 3292 jubente
211 3212 405 3275 Innocentio
421 3213 473 3275 XI
496 3235 525 3276 a.
544 3212 629 3276 1682
645 3235 662 3275 e
679 3211 842 3276 Societate
860 3211 1122 3297 dimittereturfl)
1137 3250 1178 3259 -

61 3306 170 3372 Etiam
186 3308 351 3373 Ludovici
364 3310 451 3373 XIV
475 3310 703 3392 confessarius,
718 3311 755 3376 P.
772 3311 812 3374 de
830 3310 862 3374 la
881 3309 1013 3391 Ohaize,
1037 3312 1179 3374 nimium

61 3407 144 3489 regis
176 3418 286 3490 partes
310 3398 483 3491 amplexus
508 3417 564 3474 est.
613 3409 676 3471 Vir
702 3418 773 3472 erat
802 3409 937 3495 quidem
968 3410 1094 3472 sincere
1118 3407 1178 3471 Ec·

59 3499 179 3566 clasiae
210 3505 380 3587 addictus,
413 3507 447 3569 in
471 3504 640 3589 religionis
663 3499 789 3571 bonum
814 3528 933 3590 magno
958 3527 1015 3570 suo
1047 3505 1179 3569 influxu

61 3601 230 3682 utebatur,
263 3626 324 3666 nec
349 3606 383 3667 in
408 3605 448 3666 iis
482 3625 566 3688 quae
589 3603 754 3668 Ludovici
778 3604 862 3668 XIV
886 3606 989 3668 vitam
1013 3605 1179 3688 privatam

59 3698 254 3782 spectabant
284 3701 394 3765 officio
419 3724 476 3766 sno
509 3701 621 3785 defuit.
671 3702 736 3767 Sed
768 3701 937 3766 declinans
969 3700 1179 3786 paulispera

59 3796 173 3861 solidis
197 3797 261 3862 illis
287 3799 454 3880 doctrinis,
482 3822 563 3884 quas
587 3802 707 3863 summi
732 3800 906 3865 Societatis
931 3800 1080 3863 doctores
1105 3819 1179 3862 con-

59 3895 152 3958 tinuo
177 3897 448 3979 vindicaverant,
479 3899 631 3984 regisque
655 3920 694 3961 ac
719 3896 847 3962 Galliae
871 3897 994 3980 gloriae
1019 3906 1050 3959 et
1074 3895 1178 3980 splen-

60 3989 138 4055 dore
162 3994 264 4058 veluti
297 3995 339 4058 ad
363 3995 428 4059 alia
452 4019 547 4060 sensa
577 3996 757 4076 abductus,
792 3989 964 4079 opiniones
988 3993 1179 4058 Gallicanas

136 4190 154 4253 ¹)
173 4189 278 4258 Regale
297 4191 481 4245 Sacerdotium
500 4191 549 4246 Ed.
569 4191 617 4247 ΙΙΙ.
637 4206 662 4256 p.
683 4191 708 4246 7.

133 4269 155 4338 ²)
176 4270 230 4324 Ofr.
250 4271 361 4337 Hurter,
380 4272 569 4326 Nomenclator
588 4270 673 4324 litter.
692 4270 722 4323 T.
742 4269 778 4326 ΙΙ.
798 4285 823 4336 p.
842 4269 903 4326 468.
