2964 4912
375 509 415 562 De
435 508 638 562 Constitutione
660 507 833 578 [1619661166.
1115 509 1167 562 293

59 653 257 736 ParisiensiS,
294 675 333 716 ac
373 652 514 716 decursu
552 653 710 737 temporis
745 659 819 736 post
856 661 995 715 mortem
1025 651 1166 716 Arnaldi

58 751 159 832 11696)
192 760 292 836 caput
314 752 415 813 totius
439 750 593 813 factionis
617 749 884 814 Jansenistarum
916 751 1033 814 evasit.
1080 751 1169 813 Affe-

58 858 137 911 cerat
158 849 359 913 Jansenismi
386 850 478 912 virus
511 869 548 911 eo
574 858 721 932 tempore
753 850 801 911 uti
825 847 907 911 alios
930 846 1073 913 Ordines
1097 848 1169 912 reli-

58 948 155 1028 giosos
182 948 228 1010 ita
252 955 283 1008 et
309 944 608 1030 Congrogationcm
634 945 795 1027 Oratorii,
830 967 872 1008 ex
895 946 990 1032 cujus
1015 947 1090 1010 sinu
1114 944 1171 1010 ali·

57 1055 128 1128 quot
142 1046 292 1109 acerrimi
310 1044 794 1128 dansenismipropugnatores
810 1043 1014 1129 prodierunt.
1048 1043 1169 1122 Quam-

59 1144 102 1204 vis
117 1142 307 1228 Superiores
329 1141 417 1205 illius
433 1139 708 1226 Congregationis
729 1142 912 1205 identidem
927 1141 1169 1219 adlaborarent,

57 1250 89 1301 ut
109 1262 278 1324 perversas
303 1242 475 1325 opiniones
499 1241 736 1324 exstirparent,
771 1261 807 1303 6ο
831 1248 944 1302 tamen
967 1259 1035 1301 non
1058 1260 1169 1324 perve-

18 1419 19 1424 ,
58 1348 184 1419 nerunt,
220 1347 379 1423 tantoque
410 1338 516 1423 major
548 1346 618 1401 erat
651 1338 831 1422 pernicies,
868 1335 957 1422 quod
981 1337 1169 1402 Oratoriani

18 1455 19 1460 ¹
57 1445 119 1498 tum
150 1437 183 1498 in
208 1435 440 1500 educationem
464 1437 671 1522 juventutis,
702 1444 770 1498 tum
797 1436 830 1499 in
857 1435 1072 1500 directionem
1104 1439 1170 1499 aui-

57 1557 175 1598 marum
202 1556 360 1618 magnum
385 1535 551 1599 influxum
576 1545 777 1598 exercerent.
792 1572 835 1582 —
854 1532 1051 1613 Quosnellus
1075 1555 1170 1619 porro

56 1631 167 1696 librum
194 1627 300 1695 edidit
323 1632 441 1717 gallice
466 1635 700 1717 conscriptum,
726 1634 779 1696 cui
802 1631 918 1695 titulus
939 1641 1026 1695 erat:
1051 1631 1175 1718 Abrdpo'

55 1729 90 1792 de
119 1730 152 1793 lo
174 1729 294 1792 morale
325 1731 364 1794 dc
389 1728 408 1791 l'
419 1729 572 1816 1411669116
580 1780 589 1808 ,
623 1721 815 1816 capenates
838 1731 1029 1792 cbrfto'euacs
1060 1753 1114 1793 sur
1143 1729 1171 1792 lo

57 1837 130 1891 teuto
153 1829 209 1892 des
234 1838 344 1914 quatro
368 1826 601 1912 anupe'lt’stes,
625 1828 721 1891 Paris
746 1827 846 1909 1671,
872 1828 906 1891 in
932 1827 1031 1909 12⁰.¹)
1079 1826 1171 1912 Opus

57 1924 128 2007 hoc,
162 1925 251 2011 quod
284 1924 563 2010 subsequentibus
587 1925 789 1989 editionibus
826 1925 1005 2011 plurimum
1037 1934 1170 1988 auctum

54 2033 108 2104 est,
132 2023 246 2088 multis
270 2033 403 2108 propter
426 2024 559 2108 pietatis
583 2024 727 2107 speciem
751 2031 784 2086 et
803 2024 958 2087 dictionis
973 2023 1170 2108 elegantiam

57 2122 230 2186 admodum
252 2121 414 2207 placebat.
454 2123 541 2184 Prae
556 2123 693 2184 caeteris
717 2121 757 2184 de
781 2121 936 2206 Noailles,
961 2144 1063 2206 quum
1087 2136 1172 2185 esset

55 2221 225 2305 episcopus
243 2217 495 2283 Catalaunensis
519 2220 717 2304 pietatisque
741 2219 830 2282 fama
853 2228 886 2283 et
908 2219 1007 2283 laude
1030 2219 1170 2299 floreret,

55 2315 130 2379 illud
154 2326 227 2380 tum
252 2315 339 2380 clero
363 2325 434 2379 tum
460 2315 580 2401 populo
605 2316 906 2381 commendaverat.
944 2316 1013 2381 Alii
1034 2338 1112 2382 vero
1137 2320 1168 2382 in

53 2413 163 2477 eodem
189 2414 276 2478 libro
300 2436 367 2478 non
391 2436 515 2499 paucas
538 2417 734 2478 assertiones
753 2417 883 2499 noxias,
907 2418 1079 2500 speciatim
1094 2417 1172 2483 Jan-

54 2515 229 2576 senismum
248 2514 419 2596 spirantes,
445 2512 749 2597 deprehendebant,
774 2523 806 2576 et
822 2516 996 2607 episcopus
1013 2515 1172 2600 Aptensis

54 2609 105 2690 (de
121 2613 273 2688 Foresta)
291 2610 383 2674 illum
400 2609 522 2673 librum
539 2627 568 2673 a.
585 2611 669 2674 1703
686 2611 891 2675 dioecesanis
911 2614 978 2676 suis
992 2612 1170 2697 prohibuit.

138 2711 191 2774 82.
227 2710 304 2793 Ipse
329 2707 527 2787 Quesnellus
550 2730 653 2793 quum
677 2707 754 2772 fidei
779 2708 938 2773 formulae
962 2732 982 2773 a
1006 2733 1065 2774 sua
1089 2709 1172 2775 Con-

54 2809 242 2888 gregatione
278 2804 510 2869 Jansenisticis
552 2804 718 2869 erroribus
759 2809 929 2891 oppositae
964 2806 1172 2873 subscribere

55 2902 166 2985 nollet,
203 2925 232 2968 a.
258 2903 345 2967 1684
376 2925 419 2966 ex
444 2902 594 2967 Oratorio
627 2904 781 2968 dimissus
810 2904 934 2988 fuerat,
968 2917 999 2969 61
1029 2929 1058 2971 6.
1086 2907 1171 2972 1686

53 3002 149 3064 etiam
182 3023 200 3064 e
225 3003 332 3086 patria
356 3001 513 3086 expulsus
536 3001 710 3065 Bruxellas
742 3002 899 3086 confugit.
947 3006 988 3068 In
1015 3005 1079 3070 hac
1104 3009 1172 3092 qui·

54 3097 127 3162 dem
151 3097 235 3162 urbe
259 3098 404 3180 occulte,
440 3101 474 3162 in
499 3099 680 3164 Hollandia
704 3100 780 3164 dein
804 3100 941 3165 liberius
964 3125 1033 3166 rem
1058 3104 1172 3170 danse-

52 3197 205 3261 nisticam
237 3218 447 3282 promovere,
485 3197 608 3262 clerum
644 3208 676 3262 et
708 3198 867 3284 populum
898 3223 917 3263 a
949 3199 1061 3266 debita
1093 3203 1171 3268 Sedi

53 3291 262 3378 Apostolicae
296 3305 328 3358 61
351 3297 515 3380 episcopis
539 3296 729 3361 obedientia
752 3296 959 3380 abstrahere,
990 3308 1023 3362 61
1046 3299 1172 3364 calamo

1205 657 1310 696 Paschae.

1185 717 1330 765 Quesnellus.

52 3400 84 3452 et
111 3414 210 3478 opere
243 3403 379 3456 conatus
412 3402 469 3458 est.
516 3394 615 3458 Anno
649 3395 751 3476 1703,
780 3396 877 3480 jussu
908 3396 1055 3481 Philippi
1085 3402 1172 3484 regis
1274 3433 1277 3440 ·

56 3487 235 3574 Hispaniae
259 3499 292 3554 et
316 3491 492 3554 Humberti
518 3491 559 3554 de
577 3492 773 3576 Precipiano
798 3484 1038 3579 archiepiscopi
1062 3496 1172 3560 Mech-

52 3584 201 3651 liniensis
225 3589 437 3674 interceptus,
463 3588 632 3653 custodiae
649 3592 858 3675 mancipatus
881 3602 939 3655 est.
978 3593 1053 3657 Non
1070 3594 1171 3658 multo

53 3694 125 3765 post
147 3686 329 3748 amicorum
354 3709 416 3772 ope
441 3709 458 3750 6
482 3687 632 3750 custodia
649 3698 789 3773 ereptus,
815 3689 964 3774 confugit
987 3692 1022 3754 in
1038 3691 1172 3756 Hollan-

54 3779 158 3860 diam,
194 3782 249 3846 ubi
282 3806 368 3848 anno
403 3784 488 3847 1719
520 3784 669 3850 decessit.
726 3784 900 3850 Crescente
930 3787 988 3852 lite
1018 3788 1059 3852 ds
1087 3789 1171 3854 libro

126 3967 146 4036 1·)
166 3967 260 4021 Edidit
283 3969 363 4036 paulo
388 3974 450 4035 post
475 3985 499 4024 a.
522 3970 590 4024 1615
610 3969 769 4036 Quosnellus
789 3986 870 4039 opera
894 3989 915 4030 s.
934 3972 1047 4039 Leonis,
1073 3975 1173 4028 additis

55 4046 125 4100 notis
144 4055 173 4101 ct
191 4047 427 4102 dissertationibus
446 4064 514 4115 quae
534 4049 675 4117 spirabant
702 4066 780 4105 sensa
799 4052 835 4109 M.
855 4053 887 4106 Α.
907 4053 940 4106 de
958 4053 1090 4113 Dominis,
1116 4055 1173 4120 qui·

56 4121 155 4190 busque
179 4127 325 4194 primatum
350 4133 379 4182 et
403 4128 631 4183 infallibilitatem
655 4131 687 4187 R.
707 4127 847 4184 Pontificis
871 4132 1059 4202 impugnabat.
1097 4134 1173 4188 Unde

57 4204 138 4258 editio
166 4205 219 4260 ista
248 4223 264 4260 a
291 4207 429 4262 Clemente
452 4209 492 4262 XI
520 4226 543 4262 a.
564 4210 633 4262 1676
661 4210 796 4278 prohibita
824 4211 893 4282 fuit;
923 4212 1080 4279 Quosnellus
1108 4230 1176 4268 vero

56 4289 148 4337 contra
166 4285 234 4339 hanc
251 4287 459 4355 prohibitionem
478 4288 568 4343 emisit
587 4290 742 4344 iracundam
761 4291 994 4359 protestationem.
