3034 4894
423 476 462 528 De
480 473 569 528 initiis
588 473 900 542 pseudoreformationis.
1193 475 1223 527 ll

6 689 7 700 ,
99 619 287 695 mediocris,
313 628 345 682 et
367 617 533 682 scribendi
558 617 673 702 lingua
697 617 876 681 vernacula
899 616 1050 703 styloque
1073 616 1225 703 populari

97 717 253 781 facilitas.
301 715 366 780 Sed
390 718 557 780 maximae
581 715 652 800 ejus
676 717 825 778 animum
849 714 1022 798 agitabant
1045 717 1224 800 passiones,

6 837 8 898 χ
98 813 286 894 iracundia,
304 815 582 898 eoncupiscentia,
608 813 758 894 ambitio,
782 812 937 897 superbia
954 814 1080 896 ingens,
1105 812 1226 898 quibus

6 915 7 988 i
98 934 132 975 se
164 911 329 976 miscebat
359 911 546 976 amaritudo
577 911 747 996 quaedam
781 921 813 974 et
844 912 878 974 in
910 909 991 974 alios
1029 911 1226 995 indignatio.

6 991 8 1014 ³
99 1009 217 1090 Quum
251 1032 329 1074 vero
369 1008 412 1074 ad
448 1011 605 1094 pietatem
640 1019 739 1093 atque
774 1010 914 1072 ascesim
950 1007 1117 1071 Lutherus
1156 1030 1227 1071 sese

97 1109 269 1190 formaret,
293 1108 547 1172 fundamentum
574 1129 672 1172 verae
697 1105 894 1170 humilitatis
918 1105 1008 1170 haud
1032 1106 1226 1186 substruxit,

5 1225 6 1242 ³
98 1207 157 1271 sed
177 1205 295 1271 falsam
312 1205 492 1292 quamdam
509 1205 636 1271 studuit
652 1207 824 1290 acquirere
836 1205 1013 1289 justitiam.
1048 1204 1229 1289 Pelagiana

5 1339 6 1348 κ
98 1304 262 1369 videlicet
292 1304 426 1368 inflatus
462 1302 617 1389 superbia
650 1324 754 1387 eaque
793 1302 891 1388 plane
930 1302 1091 1386 spirituali
1130 1315 1229 1388 atque

97 1403 244 1483 occulta,
270 1402 334 1467 sibi
352 1403 416 1487 ipsi
433 1404 541 1485 magis
556 1423 656 1486 quam
674 1401 746 1464 Deo
772 1401 869 1486 plane
888 1402 999 1486 justus
1016 1412 1049 1463 et
1064 1401 1230 1485 perfectus

99 1523 174 1564 esse
200 1501 378 1583 nitebatur,
404 1499 588 1584 eademque
612 1500 797 1564 intentione
821 1500 921 1562 etiam
937 1497 1183 1562 mortificationi
1199 1509 1232 1561 et

99 1600 329 1684 poenitentiae
363 1597 520 1683 operibus
550 1619 620 1662 sese
645 1597 746 1662 dedit.
796 1597 908 1676 Quum
935 1618 1011 1660 vero
1035 1595 1175 1661 libidine
1189 1608 1232 1661 et

100 1696 178 1761 aliis
203 1695 413 1782 passionibus
436 1696 590 1779 agitatus,
615 1716 654 1758 ac
679 1694 850 1758 daemonis
873 1695 1055 1757 tentatione
1079 1706 1231 1776 vexatus,
1279 1730 1283 1743 f

102 1794 270 1879 superbus
301 1793 399 1858 homo
431 1815 498 1857 non
529 1792 704 1878 proficeret
734 1792 791 1856 sed
826 1791 994 1856 laberetur
1031 1792 1230 1877 frequenter,

102 1894 286 1972 anxietate,
312 1890 485 1975 scrupulis,
510 1890 685 1955 iracundia
709 1890 854 1975 quadam
879 1891 913 1952 in
939 1891 1047 1974 ipsum
1065 1891 1176 1952 Deum
1200 1900 1233 1953 et

104 1989 278 2055 Christum
310 1991 504 2068 Dominum,
544 1988 731 2052 diffidentia
766 1999 798 2052 et
833 1989 1062 2072 desperatione
1096 1989 1233 2052 affectus

104 2101 167 2152 est.
198 2088 245 2153 Ut
270 2089 313 2152 ad
338 2087 575 2152 confidentiam
601 2087 760 2150 humilem
785 2089 818 2150 in
844 2088 955 2150 Deum
980 2108 1050 2150 sese
1074 2088 1231 2170 exigeret,

104 2186 290 2272 spiritualis
314 2185 369 2251 illa
394 2185 576 2250 obsistebat
601 2185 766 2270 superbia.
798 2185 870 2248 Nec
887 2187 975 2248 enim
1000 2207 1093 2248 orare
1117 2186 1232 2269 potuit,

105 2307 210 2369 quum
235 2287 451 2366 existimaret,
476 2283 519 2347 ad
544 2285 725 2348 orationem
751 2285 824 2347 Deo
849 2292 977 2368 gratam
1001 2283 1123 2367 requiri
1148 2284 1234 2366 puri·

105 2392 208 2446 tatem
233 2382 404 2466 angelicae
429 2381 580 2447 similem.
628 2383 812 2462 Postremo,
845 2382 932 2467 quod
965 2403 1030 2445 non
1054 2402 1126 2444 raro
1151 2383 1234 2445 acci-

108 2481 164 2562 dit,
203 2481 247 2544 ad
272 2491 456 2546 extremum
482 2481 620 2545 deflexit
644 2482 842 2565 oppositum,
878 2480 1007 2564 tingens
1029 2479 1093 2542 sibi
1117 2479 1234 2542 doctri·

108 2601 184 2642 nam
217 2577 309 2642 illam
342 2579 624 2643 fundamentalem
655 2599 802 2642 errorum
839 2600 972 2641 suorum
1012 2578 1050 2641 de
1089 2577 1235 2641 absolata

109 2687 246 2740 naturae
281 2677 435 2740 humanae
470 2679 670 2762 corruptione
707 2701 744 2739 uc
780 2677 817 2739 de
843 2676 1072 2764 justificatione
1104 2686 1237 2738 caterua

111 2773 283 2837 obtinendo
300 2798 363 2859 per
377 2775 477 2858 fidem
498 2775 686 2858 fiducialem
710 2776 743 2838 ic
772 2771 894 2837 Christi
922 2775 1043 2838 merita.
1091 2773 1165 2836 Hac
1188 2797 1235 2836 ra·

113 2873 198 2936 tione
236 2872 333 2935 simul
365 2873 540 2958 superbiae
573 2896 651 2936 suae
683 2873 845 2957 spirituali
880 2870 1093 2955 providebat,
1133 2893 1235 2957 quum

1240 1000 1330 1039 Lutherl
1345 999 1380 1038 ln—

1279 1063 1349 1102 doles.

118 2969 277 3054 quidquid
301 2969 378 3034 mali
403 2972 693 3035 animadvertebat
709 2971 896 3033 necessitati
914 2980 1050 3033 naturae
1063 2978 1237 3054 corruptae

115 3069 286 3147 tribueret3
303 3069 401 3133 simul
415 3091 502 3152 vere,
520 3091 702 3153 agnoscens
717 3069 804 3132 hane
822 3069 1071 3152 perversitatem
1089 3077 1236 3147 naturae,

112 3167 223 3230 Deum
238 3164 343 3229 solum
358 3167 421 3230 sibi
434 3166 629 3250 glorificare,
651 3167 800 3251 adeoque
817 3165 1038 3230 humilitatem
1056 3168 1236 3230 maximam

111 3263 236 3329 habere
268 3264 455 3330 videbatur.
509 3267 549 3329 ln
582 3266 645 3328 hoc
677 3268 778 3348 igitur
808 3275 995 3348 systemate,
1027 3285 1091 3349 quo
1124 3285 1238 3326 omnes

112 3364 199 3426 vires
231 3362 419 3446 spirituales
443 3387 482 3427 ac
506 3363 641 3451 libertas
666 3363 809 3426 hominis
841 3363 1055 3426 destruuntur
1078 3372 1110 3424 et
1133 3370 1238 3425 totum

108 3461 360 3546 justificationis
377 3484 459 3546 opus
475 3464 547 3525 Deo
573 3463 644 3524 sine
659 3461 805 3524 hominis
825 3461 1055 3545 cooperatione
1072 3459 1238 3540 tribuitur,

114 3560 261 3624 solamen
286 3582 382 3623 suum
407 3561 464 3624 sed
490 3583 568 3623 sane
593 3559 746 3622 fictitium
771 3559 913 3636 invenit,
949 3578 1104 3642 moreque
1128 3557 1238 3619 haere·

114 3657 321 3721 siarcharum
355 3658 612 3722 obstinatissime
636 3657 723 3720 hanc
747 3655 908 3719 theoriam
934 3655 1024 3718 cordi
1056 3654 1138 3718 fixit.
1186 3653 1240 3717 Ex

116 3780 140 3820 s.
165 3755 263 3819 Pauli
288 3756 435 3840 epistolis
460 3758 639 3841 praecipue
670 3767 702 3818 et
726 3778 767 3818 ex
793 3778 816 3818 s.
842 3754 1040 3837 Augustino,
1065 3753 1240 3815 temeraria

116 3855 398 3938 interpretatione,
413 3877 488 3917 suas
501 3855 668 3918 doctrinas
681 3852 743 3916 sibi
758 3853 938 3916 constituit.
952 3888 995 3896 -
1009 3849 1121 3913 Facile
1135 3848 1239 3928 vides,

118 3964 262 4036 systema
287 3951 368 4015 illud
386 3951 490 4036 plane
514 3954 700 4038 oppositum
727 3952 827 4014 fuisse
840 3949 1024 4032 theologiae
1037 3944 1240 4010 traditionali

119 4050 288 4114 Ecclesiae
313 4071 397 4136 quae
422 4049 635 4115 Scholasticis
659 4061 728 4112 erat
752 4050 947 4111 communis.
995 4043 1060 4108 Sed
1074 4043 1241 4107 Lutherus

120 4149 196 4211 inde
221 4147 263 4211 ab
288 4150 383 4212 initio
400 4148 664 4213 humanistarum
681 4149 790 4232 potius
813 4146 897 4210 favit
912 4141 1062 4231 partibus
1087 4153 1127 4222 et,
1153 4140 1240 4227 quod

122 4245 266 4310 theoriae
301 4249 382 4310 istae
417 4246 645 4331 requirebant,
686 4244 964 4309 Scholastioorum
1001 4241 1168 4305 doctrinas
1202 4264 1241 4304 ac
