3288 4900
445 453 495 505 loe
758 451 915 507 XXXVIII.
935 453 975 506 De
993 452 1111 506 Concilio
1129 453 1313 511 Tridentino..

262 596 627 697 ,JJ¹¹‡‘,¹,¹,{,113008521'I⁰
651 595 807 659 adactum
823 597 863 658 iri
887 596 929 659 ad
947 595 1129 660 haereticos
1155 597 1329 680 cogendos,
1355 606 1391 659 ut
1407 598 1441 678 ii,
1465 618 1554 682 quam

282 669 297 706 p
327 671 375 771 ph.
441 697 512 779 ipse
546 693 768 794 spoponderat
798 694 1046 778 subjectionem,
1072 695 1175 758 oculis
1206 694 1412 761 exhiberent.
1468 695 1553 758 Hane

441 801 647 878 compertum
673 800 751 872 erat,
776 791 818 855 ab
844 792 925 877 ipsis
941 814 1149 877 summopere
1165 793 1282 878 refugi,
1308 815 1349 856 ne
1368 792 1432 856 sihi
1450 814 1556 856 manus

439 891 651 953 exinanirent
666 891 792 973 rapinis
809 889 981 953 Ecclesiae
997 892 1169 972 restitutis3
1188 891 1388 976 easdemque
1397 889 1555 955 Ecclesiae

438 987 568 1072 legibus
592 986 767 1071 illigarent.
817 987 928 1068 Quare
962 998 1019 1051 aut
1051 989 1309 1074 obtemperaturi
1334 999 1429 1052 erant
1452 990 1556 1052 invitis

437 1088 559 1149 animis
583 1109 622 1148 ac
646 1084 738 1149 rabie
763 1085 968 1151 tumentibus
1001 1109 1102 1172 quam
1134 1089 1223 1151 intus
1257 1096 1446 1173 coquerent,
1486 1086 1554 1149 dun

439 1204 498 1268 per
528 1175 710 1269 quamlibet
747 1186 955 1248 occasionem
988 1185 1206 1267 effunderent,
1244 1195 1277 1250 et
1314 1187 1360 1249 ita
1390 1183 1555 1248 Caesarem

437 1282 685 1366 suspicionibus
731 1281 931 1366 implicitum
969 1291 1124 1368 metuque
1171 1286 1334 1368 agitatum
1381 1282 1554 1347 distenturi

438 1380 508 1442 Aut
525 1402 583 1464 per
598 1389 746 1465 apertam
764 1381 1008 1444 contumaciam
1024 1381 1280 1463 recalcitrarent,
1305 1403 1381 1445 eum
1394 1380 1555 1464 adigentes

436 1478 480 1541 ad
498 1499 591 1542 arma
606 1486 721 1541 contra
738 1479 827 1560 ipsos
852 1477 1029 1542 movenda.
1069 1478 1113 1541 Et
1130 1480 1164 1542 in
1178 1488 1318 1565 utroque
1334 1488 1458 1542 eventu
1479 1480 1555 1540 vires

439 1576 532 1639 illum
550 1575 730 1638 deficerent
748 1575 791 1638 ad
807 1574 991 1638 molestiam
1016 1575 1090 1638 aliis
1114 1599 1154 1639 ac
1177 1579 1371 1662 praesertim
1387 1575 1495 1640 Gallis
1517 1578 1556 1637 in·

438 1672 620 1736 ferendam.
667 1672 870 1756 Accedebat,
896 1673 985 1758 quod
1010 1682 1161 1738 exstante
1180 1674 1329 1739 Concilio
1355 1694 1555 1760 nequaquam

437 1771 553 1834 liceret
577 1770 710 1834 Caesari
743 1792 858 1855 pacem
889 1769 1082 1852 obturbare,
1116 1794 1158 1835 ne
1192 1775 1226 1836 in
1255 1771 1456 1837 Germaniae
1491 1793 1555 1834 con·

436 1879 554 1954 spectu
595 1869 683 1931 idem
715 1868 904 1932 Concilium
945 1867 1151 1951 obturbaret,
1189 1870 1278 1957 quod
1316 1871 1358 1934 ad
1389 1870 1555 1934 Germanis

436 1967 695 2052 gratificandum
712 1989 732 2030 a
749 1976 944 2030 accuratum
960 1968 1156 2049 ostentabat,
1182 1969 1336 2054 qnodque
1354 1969 1457 2052 ipsius
1472 1968 1555 2052 pacis

423 2068 545 2151 gratia
573 2064 769 2130 habebatur.
817 2066 862 2128 At
891 2087 970 2128 vero
996 2066 1022 2128 si
1047 2065 1213 2149 repulsam
1238 2067 1273 2130 in
1297 2089 1334 2130 eo
1360 2090 1379 2129 a
1403 2065 1554 2129 Pontifice

438 2164 612 2245 retulisset,
652 2173 684 2226 et
721 2163 850 2227 viribus
883 2163 1026 2227 validior
1057 2172 1089 2226 et
1119 2187 1138 2227 a
1168 2165 1357 2228 memoratis
1381 2161 1553 2226 rationibus

438 2262 583 2343 liberior,
608 2262 757 2347 adeoque
782 2260 1025 2326 formidabilior
1048 2261 1178 2325 futurus
1194 2271 1289 2326 esset.
1321 2261 1464 2346 Dempto
1482 2260 1551 2324 Cae-

437 2363 521 2424 saris
546 2359 735 2438 commodo,
769 2359 896 2422 nullum
921 2358 1064 2443 amplius
1088 2359 1335 2423 incommodum
1360 2361 1430 2441 regi
1453 2380 1551 2442 super-

436 2479 519 2539 esse,
553 2479 629 2520 curn
660 2460 745 2521 inter
770 2456 978 2521 conditiones
1002 2479 1041 2520 ea
1066 2466 1151 2520 esset
1175 2459 1281 2542 primo
1306 2457 1489 2538 statuenda,
1517 2475 1550 2517 ne

436 2557 642 2639 agitarentur
666 2557 701 2619 in
726 2555 861 2639 Synodo
884 2575 1062 2639 regnorum
1087 2557 1228 2640 negotia,
1261 2576 1369 2640 neque
1393 2553 1550 2618 Ecclesiae

435 2651 634 2718 Gallicanae
651 2652 878 2738 privilegiam
896 2655 1156 2717 controversiam
1172 2664 1381 2734 vocarentur,
1407 2652 1463 2716 sed
1476 2650 1549 2714 aliae
1618 2687 1619 2690 =

438 2774 489 2814 res
523 2750 768 2814 ecclesiasticae
801 2753 930 2814 cunctis
963 2773 1171 2832 communes,
1212 2751 1300 2815 unde
1332 2749 1442 2814 Gallia
1478 2745 1548 2812 nihil

435 2859 547 2933 posset
563 2850 752 2913 detrimenti
770 2871 900 2934 capere.
925 2887 967 2894 —
993 2849 1054 2911 His
1078 2850 1263 2913 rationibus
1281 2851 1449 2934 expositis,
1474 2847 1548 2910 Hen-

434 2949 526 3010 ricus
551 2970 587 3011 eo
613 2946 778 3010 adductus
803 2957 861 3026 est,
887 2956 923 3009 ut
947 2946 1161 3010 celebrationi
1187 2946 1328 3034 Concilii
1354 2947 1547 3011 consentiret.

527 3046 581 3109 61.
629 3045 659 3108 A
685 3043 802 3108 Carolo
827 3045 858 3107 V
890 3044 1053 3127 Pighinus
1084 3046 1189 3129 petiit,
1221 3049 1262 3109 ut¹
1287 3069 1346 3109 sua
1375 3045 1483 3109 officia
1504 3041 1546 3105 ad·

436 3142 568 3207 biberet
584 3141 626 3206 ad
644 3143 848 3206 movendum
874 3165 984 3227 regem
1003 3140 1131 3206 Galliae
1147 3152 1184 3206 ut
1198 3143 1348 3207 Concilio
1365 3139 1545 3207 celebrando

434 3241 574 3321 faveret,
610 3250 646 3304 ut
679 3262 792 3304 curam
817 3240 955 3303 haberet
979 3263 1020 3303 ne
1044 3240 1196 3304 Tridenti
1222 3265 1260 3305 ea
1285 3242 1447 3322 deessent,
1477 3256 1543 3325 quac

435 3347 485 3402 tot
508 3338 734 3402 Praelatorum
766 3338 911 3421 dignitas
943 3350 975 3401 et
1006 3340 1186 3403 necessitas
1215 3339 1427 3425 exposcebat,
1461 3349 1543 3421 utque

436 3435 561 3501 Caesar
590 3437 729 3499 firmiter
757 3436 920 3499 stabiliret
942 3437 1203 3501 Protestantium
1235 3439 1473 3523 subjectionem
1501 3453 1543 3518 per

436 3534 602 3618 legitimas
632 3532 762 3596 tabulas
795 3533 837 3596 ab
871 3535 951 3617 ipsis
983 3533 1218 3598 exhibendam.
1267 3535 1334 3599 Ubi
1364 3533 1399 3596 id
1432 3530 1542 3596 abillis

436 3641 654 3713 recusaretur,
681 3630 830 3695 Concilio
856 3631 999 3716 amplius
1022 3630 1132 3695 locum
1157 3654 1223 3696 non
1248 3654 1327 3712 esse,
1360 3633 1456 3694 sicuti
1478 3628 1542 3691 alias

436 3731 555 3811 fuerat,
596 3729 638 3792 ad
675 3750 787 3792 eorum
824 3730 1069 3792 contumaciam
1103 3729 1350 3794 declarandam.
1398 3728 1459 3792 Sed
1483 3743 1540 3788 cnm

430 3829 505 3913 jam
530 3837 741 3891 contumaces
766 3837 883 3910 essent,
910 3848 1089 3912 superesse,
1116 3837 1152 3890 ut
1176 3829 1210 3890 in
1235 3849 1289 3890 eos
1314 3825 1436 3890 Caesar
1457 3841 1540 3888 armo·

438 3948 511 3990 rum
536 3927 606 3989 vim
637 3935 816 4006 exerceret,
846 3947 887 3988 ne
918 3927 952 3988 in
978 3926 1238 3988 controversiam
1263 3924 1498 3988 adducerentur
1516 3927 1540 3978 ct

438 4025 579 4087 recentis
604 4032 636 4086 et
660 4032 809 4086 veterum
835 4022 1060 4087 Conciliorum
1087 4023 1228 4088 decreta.

527 4121 580 4185 62.
606 4120 798 4184 Declinavit
811 4119 1011 4184 Granvellus
1022 4121 1174 4184 Caesaris
1186 4118 1411 4184 Cancellarius
1427 4115 1536 4180 nomine

436 4218 549 4284 Caroli
574 4221 767 4304 petitionem
792 4219 972 4300 Pontificis,
1005 4227 1041 4280 ut
1071 4239 1205 4303 operam
1237 4239 1331 4281 suam
1356 4212 1537 4302 impenderet
