3020 4908
141 587 259 628 Gallorum

126 651 268 691 vexationes.

288 445 342 498 408
477 446 563 503 XLII.
601 449 640 502 De
658 452 735 502 statu
755 448 891 503 Ecclesiae
908 464 977 507 saec.
997 449 1098 504 decimo
1117 457 1223 507 octavo.
1251 465 1254 474 ¹

289 610 403 653 corum
434 589 592 673 solveret,
625 601 657 655 et
687 592 868 678 legationes
891 593 1137 657 Bononiensem
1161 617 1201 658 ac
1225 595 1411 659 Ferrarien·

289 709 375 766 sem,
406 710 517 752 arcem
549 711 680 776 quoque
704 691 951 755 Anconitanam
976 700 1008 754 et
1031 693 1226 775 pretiosiora
1257 694 1411 778 antiquae
1504 731 1505 758 t

288 787 368 850 artis
399 789 625 873 manuscripta
654 788 817 872 gubernio
848 788 976 854 Gallico
1007 790 1162 855 traderet.
1210 792 1292 854 Pius
1315 790 1365 854 VI
1395 813 1410 852 e

289 883 517 949 Cardinalium
543 885 680 950 consilio
704 897 839 971 paratus
863 897 949 968 erat,
980 897 1017 950 ut
1040 888 1226 952 durissimis
1250 887 1317 952 illis
1342 910 1411 952 con·

289 982 471 1047 ditionibus
507 983 726 1058 satisfaceret;
766 985 824 1050 sed
851 987 1076 1050 Directorium
1113 986 1322 1051 conditiones
1356 986 1412 1050 has

289 1080 483 1144 confirmare
508 1081 630 1163 noluit,
664 1084 728 1146 nisi
752 1084 908 1148 Pontifex
933 1106 1162 1170 quaecumque
1186 1086 1221 1147 in
1246 1107 1350 1148 causa
1373 1085 1413 1146 ci-

289 1177 364 1242 vilis
381 1181 625 1244 constitutionis
637 1178 724 1244 Cleri
742 1192 774 1244 et
791 1181 1077 1246 schismaticorum
1095 1181 1413 1246 constitutionalium

289 1277 483 1341 decreverat
514 1277 623 1362 palam
656 1288 858 1345 retractaret.
915 1280 1028 1360 Quum
1060 1279 1141 1342 Pius
1173 1301 1232 1364 pro
1268 1281 1414 1343 muneris

287 1377 339 1439 sui
364 1375 473 1438 officio
491 1375 681 1460 hujusmodi
705 1386 801 1461 pacto
820 1379 974 1463 assentiri
996 1399 1063 1442 non
1079 1386 1198 1462 posset,
1224 1378 1414 1462 Bonaparte

288 1482 416 1558 partem
448 1472 583 1537 ditionis
606 1474 803 1538 Pontificiae
834 1477 1022 1560 occupavit.
1069 1477 1231 1538 Attamen
1264 1484 1415 1538 metuens

289 1572 401 1655 copias
425 1570 618 1634 Austriacas
643 1594 662 1634 a
686 1581 777 1656 tergo
802 1573 873 1657 ejus
898 1582 1005 1636 castra
1029 1581 1211 1653 moventes,
1237 1594 1315 1635 cum
1334 1571 1415 1635 Pon-

288 1669 377 1732 tifice
402 1668 563 1733 conclusit
587 1691 703 1753 paoem
731 1668 947 1748 Tolentinum,
984 1691 1050 1755 qua
1074 1667 1178 1733 Gallis
1210 1669 1417 1733 cedebantur

285 1765 398 1852 plures
428 1768 621 1850 provinciae
653 1777 684 1830 et
715 1769 794 1831 artis
824 1769 980 1853 antiquae
1004 1777 1220 1831 monumenta
1249 1768 1416 1852 pretiosis-

288 1865 381 1945 sima,
407 1887 446 1928 ac
469 1866 604 1948 triginta
628 1864 791 1929 milliones
816 1865 1004 1930 francorum
1028 1864 1253 1929 solvebantur.

377 1962 430 2028 40.
478 1960 544 2026 Sed
569 1985 647 2027 mox
671 1963 833 2048 ejusmodi
858 1986 925 2048 pax
957 1963 1106 2047 disrupta
1130 1971 1187 2025 est.
1236 1963 1416 2047 Suscipere

289 2059 406 2124 debuit
428 2060 508 2124 Pius
532 2061 585 2123 VI
618 2061 741 2125 Romae
774 2070 810 2124 ut
842 2061 988 2145 legatum
1013 2061 1191 2124 Directorii
1226 2059 1415 2145 Josephum

288 2158 486 2242 Bonaparte‚
503 2161 559 2244 qui
577 2180 689 2222 secum
703 2158 844 2223 adduxit
860 2158 938 2223 belli
955 2159 1073 2222 ducem
1086 2159 1248 2242 juvenem
1263 2157 1413 2243 Duphot.

289 2255 378 2321 Galli
398 2257 522 2322 Romae
547 2257 703 2341 degentes
727 2267 802 2342 post
824 2257 951 2342 aliquot
975 2256 1045 2319 dies
1068 2255 1112 2318 ad
1137 2255 1338 2320 seditionem
1363 2277 1416 2319 ex-

289 2355 433 2417 citarunt
456 2354 606 2419 homines
629 2356 782 2419 factiosos
806 2377 849 2418 ex
872 2354 993 2440 populo
1016 2354 1175 2435 Romano,
1200 2356 1258 2440 qui
1283 2355 1416 2440 magnis

289 2451 490 2517 clamoribus
534 2453 776 2539 rempublicam
820 2454 1005 2518 Romanam
1053 2452 1312 2538 proclamarunt.
1378 2453 1415 2514 In

288 2550 433 2613 tumultu
457 2561 570 2615 exorto
596 2552 715 2615 milites
730 2551 902 2615 Pontificis
926 2550 1119 2614 occiderunt
1136 2550 1256 2614 ducem
1274 2549 1416 2635 Dupbot

289 2650 346 2733 qui
371 2649 535 2712 seditiosis
559 2651 683 2713 mixtus
710 2659 788 2713 erat.
836 2648 919 2712 Inde
943 2670 1021 2712 vero
1046 2670 1162 2712 ansam
1187 2649 1276 2732 cepit
1299 2648 1416 2711 Direc-

287 2746 409 2809 torium
426 2746 567 2825 Galliae,
592 2757 629 2810 ut
651 2757 825 2833 praetextu
849 2747 1069 2810 sedandorum
1087 2756 1237 2810 motuum
1262 2748 1297 2808 in
1312 2745 1414 2824 Urbe,

289 2844 463 2908 mandaret
486 2845 643 2909 belliduci
667 2845 837 2927 Bertbier,
862 2846 1002 2909 Romam
1027 2854 1223 2929 occuparet,
1248 2854 1281 2908 et
1305 2844 1416 2909 Ponti·

289 2941 386 3005 ficem
422 2953 672 3007 exauctoratum
715 2947 749 3007 in
784 2944 976 3007 Hetruriam
1016 2942 1207 3008 abduceret.
1262 2942 1417 3006 Bertbier

289 3041 391 3123 igitur
421 3050 547 3105 armata
572 3065 673 3105 manu
696 3042 836 3105 Romam
860 3042 1053 3125 occupavit,
1088 3062 1127 3104 ac
1152 3041 1206 3104 die
1232 3038 1291 3103 15ο
1317 3039 1414 3103 Febr.

289 3139 368 3201 anni
402 3138 488 3201 1798
517 3138 705 3224 respublica
735 3140 885 3203 Romana
914 3137 1117 3222 proclamata
1148 3146 1206 3200 est.
1254 3138 1336 3201 Pius
1368 3136 1415 3200 VI

289 3258 392 3300 senex
416 3239 583 3320 octoginta
606 3259 768 3301 annorum
794 3236 848 3300 die
873 3236 932 3300 20⁰
957 3234 1132 3298 Februarii
1156 3256 1174 3297 e
1199 3233 1324 3319 palatio
1348 3235 1415 3296 vio-

289 3334 395 3397 lenter
418 3344 549 3419 ereptus
577 3336 667 3398 etin
692 3335 828 3398 exilium
855 3333 974 3397 ductus
998 3334 1070 3398 fuit.
1109 3332 1260 3395 Primum
1279 3354 1340 3416 per
1362 3331 1414 3395 tri·

290 3441 410 3496 mestre
441 3433 586 3496 substitit
612 3431 724 3515 Senis,
761 3433 839 3496 dein
868 3429 1047 3495 translatus
1072 3441 1121 3494 est
1152 3432 1186 3494 in
1213 3429 1413 3494 carthusiam

290 3551 392 3614 prope
408 3529 620 3610 Florentiam,
640 3531 774 3593 demum
792 3531 826 3593 in
844 3528 987 3593 Galliam
1002 3528 1168 3592 abductus
1184 3528 1339 3592 detentus
1353 3526 1413 3590 fuit

290 3630 324 3691 in
338 3639 428 3692 arcta
441 3629 591 3693 custodia
602 3628 788 3709 Valentiae‚
803 3628 860 3692 ubi
876 3628 1004 3691 dierum
1014 3626 1132 3712 plenus
1144 3636 1177 3688 et
1189 3625 1316 3688 fractus
1328 3624 1412 3688 labo-

290 3725 382 3789 ribus
396 3735 495 3811 atque
512 3728 679 3790 aerumnis
696 3726 750 3790 die
765 3727 826 3790 29⁰
837 3725 980 3809 Augusti
998 3749 1027 3790 a.
1041 3724 1126 3789 1799
1142 3725 1295 3808 piissima
1312 3733 1411 3786 morte

290 3824 382 3889 obiit.
420 3825 475 3890 Sic
492 3827 586 3910 impii
604 3827 667 3888 visi
685 3835 761 3888 sunt
777 3826 812 3886 in
827 3824 893 3886 fine
910 3822 1033 3886 saeculi
1050 3822 1172 3886 decimi
1187 3823 1299 3885 octavi
1315 3823 1410 3884 victo-

290 3923 374 3985 riam
398 3923 577 4006 quamdam
602 3923 643 3987 de
659 3922 808 3986 Ecclesia
827 3932 1005 4007 reportare,
1027 3921 1163 4006 jamque
1182 3919 1285 3984 finem
1299 3919 1409 3982 Roma·

291 4041 408 4082 norum
425 4020 621 4085 Pontificum
639 4021 814 4084 advenisse
828 4020 1029 4083 cecinerunt.
1059 4016 1125 4083 Sed
1141 4039 1222 4081 mox
1238 4038 1352 4081 eorum
1367 4017 1409 4078 in-

292 4139 372 4180 sana
397 4139 470 4202 spes
495 4119 652 4201 concidit,
678 4141 780 4204 quum
806 4117 859 4181 die
886 4118 945 4180 140
960 4117 1072 4180 Martii
1097 4138 1125 4179 a.
1154 4114 1241 4179 1800
1267 4115 1408 4178 Venetiis

292 4217 327 4278 in
352 4237 573 4280 successorem
599 4217 747 4281 defuncti
773 4215 947 4279 Pontificis
971 4214 1146 4297 eligeretur
1169 4211 1252 4275 Pius
1276 4211 1349 4276 VII.
