3020 4908
307 484 361 537 426
495 482 584 538 XLII.
618 483 659 538 De
676 487 753 539 statu
769 483 908 539 *Ecclesiae
926 499 995 542 saec.
1014 484 1116 539 decimo
1135 489 1241 540 octavo.

308 635 454 711 systema
477 626 659 711 adosepho
672 628 706 690 II
722 627 916 714 adoptatum
934 627 1229 714 (Josephinismus)
1246 630 1281 693 in
1300 630 1436 694 Austria

308 724 459 791 invaluit.
515 725 590 789 Non
632 723 783 789 obstante
824 727 947 811 pietate
969 725 1154 812 personali
1190 727 1435 812 Imperatorum

307 822 464 886 Austriae
495 820 573 886 inde
605 821 709 886 multa
742 822 941 887 detrimenta
964 823 1135 888 Ecclesiae
1167 824 1293 889 inillis
1326 828 1437 911 regnis

306 929 548 1005 provenerunt,
584 943 688 1006 usque
723 921 767 985 ad
802 931 951 1006 tempora
985 930 1113 1003 nostra,
1150 921 1273 1008 quibus
1309 922 1439 988 felicior

306 1039 417 1081 rerum
442 1027 545 1082 status
568 1020 645 1082 oriri
670 1020 762 1082 visus
786 1021 875 1102 est.¹)

398 1116 451 1182 62.
498 1117 756 1203 Reformatioocs
786 1119 821 1180 ia
845 1118 1001 1181 Hetraoia
1028 1117 1128 1203 plane
1152 1117 1276 1182 similes
1301 1117 1440 1182 induxit

177 1197 258 1288 ¹2⁰5„ss
269 1275 274 1286 ,
308 1213 497 1298 Leopoldns
522 1235 662 1300 magnus
685 1214 765 1296 dux,
789 1215 891 1279 frater
905 1214 1056 1300 Josephi.
1101 1215 1165 1280 ‚lus
1184 1215 1279 1300 asyli,
1307 1238 1438 1281 sacram

307 1314 555 1398 inquisitionem
581 1322 613 1376 et
638 1313 924 1377 confraternitates
941 1312 1129 1398 spirituales
1152 1312 1343 1398 abrogavit,
1370 1313 1440 1378 bul·

306 1409 372 1474 lam
401 1409 522 1476 Goaaac
545 1411 678 1475 Domini
705 1410 850 1497 praelegi
875 1414 998 1493 vetuit,
1032 1433 1149 1475 causas
1172 1411 1440 1476 matrimoniales

306 1518 339 1573 et
370 1507 563 1573 clericorum
596 1531 726 1573 necnon
749 1508 824 1572 lites
858 1508 899 1572 de
923 1509 1096 1573 beneficiis
1126 1508 1170 1572 ad
1192 1509 1304 1573 forum
1338 1509 1438 1573 civile

306 1606 482 1672 transtulit.
521 1607 768 1671 lucrementum
792 1606 955 1670 bonorum
980 1606 1290 1690 ecclesiasticorum,
1318 1617 1352 1671 et
1369 1630 1439 1693 per·

306 1705 529 1790 egrinatioues
552 1727 662 1769 sacras
688 1705 785 1768 unius
810 1703 876 1768 diei
900 1725 1026 1768 moram
1046 1704 1245 1768 excedentes
1270 1704 1439 1786 cohibuit,

307 1804 445 1867 nimiam
462 1824 617 1889 pompam
637 1805 671 1866 in
687 1800 885 1887 templorum
903 1804 1106 1866 ornamentis
1120 1801 1307 1884 interdixit,
1333 1802 1440 1866 multa

307 1902 505 1964 monasteria
542 1899 689 1965 abolevit
733 1898 928 1986 sublataque
972 1901 1182 1986 exemptione
1224 1899 1439 1965 residuorum
1508 1927 1509 1954 ι

306 2020 430 2062 nexum
456 2021 531 2063 cum
556 1998 713 2085 praelatis
736 2000 904 2062 extraneis
929 1997 1097 2080 dissolvit,
1129 2007 1314 2084 proventus
1339 1997 1439 2062 bene·

306 2094 457 2159 ficiorum
491 2096 694 2182 simplicium
727 2098 913 2160 animarum
948 2095 1157 2160 curatoribus
1185 2095 1376 2159 destinavit
1409 2106 1440 2159 et

305 2193 543 2259 beneficiorum
576 2194 772 2259 candidatos
801 2196 947 2278 rigoroso
971 2195 1119 2258 examini
1150 2192 1305 2278 subjecit.
1357 2193 1438 2258 Rem

306 2291 565 2357 ecclesiasticam
589 2293 731 2378 amplius
754 2293 991 2357 reformaturus
1021 2314 1051 2356 a.
1077 2293 1163 2356 1785
1188 2292 1438 2377 quinquaginta

307 2400 433 2475 septem
457 2391 612 2456 articulos
635 2390 678 2454 ad
703 2392 754 2455 sui
776 2390 917 2454 ducatus
941 2392 1114 2476 episcopos
1135 2391 1235 2471 misit,
1260 2401 1301 2453 nt
1315 2389 1438 2474 singuli

307 2489 341 2550 in
366 2489 493 2572 synodo
518 2489 715 2553 dioecesana
739 2488 780 2552 de
804 2490 844 2552 iis
869 2488 1101 2568 deliberarent,
1127 2509 1211 2574 quae
1236 2486 1437 2552 deliberatio

307 2589 568 2670 praeparationis
602 2589 707 2650 instar
741 2609 799 2672 pro
836 2586 976 2651 concilio
1012 2585 1172 2650 nationali
1212 2585 1311 2649 foret.
1373 2586 1433 2650 Hos

306 2682 463 2747 articulos
495 2685 551 2770 qui
584 2686 792 2770 potissimum
825 2684 867 2748 ad
902 2684 1026 2748 cultum
1059 2684 1213 2748 divinum
1248 2683 1434 2769 publicum,

306 2779 518 2865 disciplinam
551 2782 744 2846 clericorum
777 2791 810 2846 et
832 2783 980 2866 regimen
1014 2781 1277 2845 ecclesiasticum
1311 2793 1436 2868 specta·

307 2876 403 2958 bant,
429 2878 572 2964 quilibet
592 2883 767 2966 episcopus
791 2881 948 2965 privatim
973 2879 1145 2962 discussit,
1175 2900 1344 2966 suamque
1371 2903 1437 2945 sen·

305 2977 444 3039 tentiam
469 2979 590 3062 scripto
616 2978 692 3042 duci
716 2979 909 3042 transmisit.

396 3073 449 3141 63.
487 3074 595 3161 Scipio
620 3075 658 3139 dc
673 3077 764 3140 Ricci
787 3077 962 3161 episcopus
976 3075 1197 3157 Pistoriensis,
1222 3075 1323 3141 ducis
1348 3099 1436 3142 man·

307 3170 383 3235 dato
400 3194 529 3257 parens,
554 3174 718 3259 synodum
736 3172 966 3237 dioecesanam
984 3171 1174 3256 celebravit,
1199 3196 1287 3260 quae
1310 3187 1435 3260 septem

307 3271 509 3336 sessionibus
532 3272 684 3339 absoluta
708 3283 766 3354 est,
792 3282 824 3336 et
847 3295 931 3358 quae
951 3294 1016 3336 non
1041 3282 1170 3336 tantum
1188 3275 1434 3359 quinquaginta

306 3379 432 3454 septem
456 3370 611 3435 articulos
643 3369 859 3456 approbavit,
894 3371 1136 3433 verumetiam
1169 3368 1267 3454 plura
1302 3371 1432 3435 decreta

306 3475 376 3552 tum
392 3466 470 3531 fidei
485 3478 554 3532 tum
572 3467 767 3554 disciplinae
778 3467 948 3532 Ecclesiae
967 3468 1132 3532 contraria
1147 3468 1311 3534 condidit.
1345 3471 1433 3533 Inter

305 3563 371 3628 alia
385 3564 603 3649 asserebatur,
628 3568 802 3652 postremis
816 3565 908 3629 hisce
928 3564 1067 3629 saeculis
1082 3587 1230 3650 sparsam
1248 3587 1323 3630 esse
1339 3588 1432 3651 gene·

306 3660 408 3726 ralem
422 3662 687 3729 obscurationem
702 3687 802 3750 super
814 3666 969 3727 veritates
982 3663 1148 3756 gravioris
1165 3665 1328 3727 momenti
1345 3686 1430 3750 spec·

305 3768 413 3824 tantas
441 3760 484 3824 ad
511 3762 705 3848 religionem
734 3774 766 3826 et
796 3772 986 3848 quaesunt
1017 3761 1106 3826 basis
1135 3761 1213 3825 fidei
1243 3770 1277 3825 et
1301 3762 1429 3827 moralis

306 3856 477 3922 doctrinae
492 3860 514 3924 J
517 3883 574 3924 esu
592 3861 726 3926 Christi.
765 3861 965 3925 Potestatem
981 3882 1001 3924 a
1017 3860 1089 3924 Deo
1105 3858 1217 3924 datam
1234 3881 1307 3924 esse
1321 3860 1426 3926 Eccle-

306 3957 391 4038 siae,
426 3958 738 4023 communicandam
767 3957 953 4043 pastoribus
986 3960 1144 4044 quisunt
1174 3957 1248 4043 ejus
1272 3959 1424 4034 ministri3

306 4053 492 4117 Romanum
525 4055 722 4121 Pontificem
755 4077 826 4120 esse
862 4054 1032 4120 Ecclesiae
1065 4065 1166 4140 caput
1199 4054 1423 4132 ministeriale3

381 4266 403 4336 ¹)
423 4265 478 4324 etr.
500 4267 627 4356 Wouters
645 4267 679 4324 H.
699 4268 730 4325 ll.
750 4267 781 4323 T.
800 4268 851 4321 Ill.
871 4267 888 4324 l.
909 4283 930 4321 c.
