3034 4894
401 497 440 550 De
458 497 547 551 initiis
566 496 876 565 pseudoreformationis
1167 499 1203 552 23

13 659 15 696 t
88 662 155 724 quo,
180 640 397 704 modo'valde
422 662 578 724 congruo,
604 642 829 725 quaestionem
855 641 896 704 de
920 640 1136 725 indulgentiis
1160 661 1202 703 ex

13 803 14 806 ,
88 738 231 801 doctrina
262 738 302 801 de
334 739 529 803 auctoritate
561 737 702 802 Romani
725 739 896 801 Pontificis
926 739 1034 804 solvit.
1080 739 1204 804 Probat

13 879 15 928 3
88 836 247 918 videlicet,
280 859 469 921 supremam
501 837 683 920 magisterii
714 824 1007 901 auctoritatem'R.
1032 838 1204 901 Pontificis

13 953 14 956 ’
84 944 177 1020 'atque
202 935 357 1015 ostendit,
382 957 424 998 ex
449 934 561 998 multis
585 934 726 998 decretis
751 946 783 997 et
805 937 888 998 actis
911 935 979 1000 RR.
1004 935 1202 1000 Pontificum

87 1032 226 1096 valorem
252 1042 284 1096 et
308 1032 484 1096 utilitatem
511 1032 792 1116 indulgentiarum
818 1035 951 1098 omnino
977 1043 1134 1099 constare.
1160 1072 1204 1080 -

86 1130 158 1213 Egit
183 1140 298 1194 contra
321 1130 508 1194 Lutherum
532 1133 655 1216 pariter
679 1133 810 1216 scriptis
834 1132 901 1194 suis
925 1131 1072 1196 Jacobus
1097 1133 1203 1216 Hoog-

85 1237 264 1291 straatenus
289 1226 328 1293 Ο.
353 1229 401 1309 Ρ.,
426 1225 722 1313 vehementiusque
746 1231 855 1313 ipsum
878 1251 1052 1312 aggressus
1076 1240 1133 1312 est,
1159 1231 1205 1292 ita

13 1359 14 1388 l
85 1335 117 1388 ut
138 1335 300 1412 tanquam
325 1326 528 1390 haereticum
554 1347 667 1389 severe
691 1349 767 1390 eum
791 1327 998 1410 puniendum
1014 1328 1204 1413 postularet.

85 1461 122 1469 »-
147 1424 233 1488 Sunt
257 1426 314 1509 qui
340 1426 462 1510 scripta
497 1425 560 1488 ista
594 1424 718 1488 habent
750 1433 787 1488 ut
822 1426 937 1488 inanes
972 1424 1109 1507 libellos,
1148 1426 1205 1510 qui

13 1551 14 1554 ¹
85 1521 219 1585 Lutheri
245 1545 380 1586 causam
410 1523 519 1606 potius
551 1523 797 1607 promoverint3
829 1525 894 1587 imo
927 1525 1102 1608 scriptores
1133 1523 1205 1587 illos

85 1621 201 1683 acriter
224 1620 483 1706 reprehendunt,
509 1620 597 1705 quod
614 1619 798 1684 Lutherum
825 1622 938 1706 inepta
955 1622 1205 1705 impugnatione

85 1719 367 1792 exacerbaverint.
415 1718 482 1782 Sed
506 1729 543 1782 ut
566 1717 734 1782 Lutherus
759 1718 876 1782 horum
902 1729 1096 1803 argumenta
1120 1741 1206 1804 sper·

85 1830 182 1898 neret,
207 1817 287 1880 inde
311 1818 420 1900 potius
445 1817 570 1892 factum
595 1825 656 1898 est,¹
686 1816 774 1900 quod
794 1817 864 1901 jam
890 1817 1094 1901 argumentis
1118 1816 1206 1880 theo·

14 1931 15 1936 ¹
84 1911 195 1997 logicis
219 1915 272 1976 vir
296 1915 458 1998 superbus
483 1913 567 1978 nihil
591 1914 742 1994 deferret,
778 1923 810 1977 et
829 1911 970 2004 ,animus
994 1915 1206 2000 opinionibus

85 2015 147 2075 suis
171 2011 337 2081 obstinate
362 2012 538 2103 inhaerens
563 2012 652 2076 haud
678 2013 795 2076 cedere
820 2015 1034 2077 constitutum
1059 2012 1204 2077 haberet.

85 2108 219 2195 Scripsit
254 2111 422 2174 Lutherus
465 2111 519 2174 die
561 2112 621 2174 21⁰
657 2109 801 2194 Augusti
833 2134 862 2175 a.
890 2111 974 2175 1518
1016 2109 1059 2174 ad
1095 2108 1207 2195 Spala-

85 2211 203 2274 tinum:
239 2209 280 2271 Id
302 2210 378 2271 mihi
400 2209 556 2296 reliquam
580 2219 625 2272 cet
648 2219 677 2272 et
700 2209 805 2272 cordia
830 2219 859 2271 et
882 2209 1100 2292 coaccieaa'ae,
1125 2207 1208 2293 quod

86 2308 185 2369 omnia
209 2330 291 2392 qaae
314 2307 421 2385 habeo,
447 2329 583 2392 quaeqae
608 2307 673 2391 ipsi
694 2308 891 2392 impugnant,
924 2329 963 2370 etc
986 2308 1054 2370 Deo
1085 2328 1131 2368 mc
1154 2307 1207 2368 lta-

87 2403 150 2467 bere
173 2427 358 2491 cognoscum
382 2414 412 2467 et
435 2403 593 2488 confiteor,
626 2405 678 2466 cui
701 2415 731 2466 et
753 2405 828 2489 ipsa
852 2402 952 2467 libens
977 2414 1007 2467 et
1030 2414 1208 2490 spectare·

80 2501 147 2586 fero
177 2513 207 2566 et
238 2499 346 2587 offero,
396 2500 434 2565 Si
464 2503 581 2588 aufert,
614 2503 678 2565 aiat
701 2499 823 2580 ablata,
853 2504 882 2565 ei
910 2514 1023 2581 seruat,
1060 2503 1124 2565 siat
1146 2523 1209 2564 ecr-

88 2611 171 2679 aata,
209 2611 240 2664 et
269 2623 382 2663 aeman
419 2604 486 2688 ejus
521 2611 664 2664 sanctam
702 2610 731 2662 et
767 2599 959 2663 benedictam
997 2603 1033 2665 t'a
1071 2599 1207 2664 saecula.

90 2695 261 2762 Caeterum
294 2699 382 2761 enim
406 2698 549 2761 Prierias
580 2699 703 2782 optime
728 2710 952 2783 perspexerat,
981 2700 1082 2761 totius
1113 2719 1209 2786 quac·

90 2797 194 2874 ationis
220 2795 348 2859 nodum
372 2818 443 2858 esse
467 2798 501 2858 in
516 2796 667 2858 doctrina
692 2794 733 2857 de
757 2797 953 2860 auctoritate
970 2796 1007 2860 R.
1026 2794 1206 2874 Pontificis,

93 2896 168 2958 acsi
193 2891 366 2958 Lutherus
391 2893 478 2956 bona
513 2893 579 2957 fide
611 2902 739 2956 tantum
777 2895 811 2956 in
846 2915 987 2957 errorem
1028 2893 1209 2975 incidisset,

97 2988 255 3056 Prieriatis
298 2990 448 3075 dialogus
480 3013 555 3055 eum
587 3014 607 3054 a
637 2993 801 3055 sententia
837 2991 1006 3054 dimovere
1038 2993 1209 3076 potuisset.

92 3087 146 3154 Sed
176 3112 242 3154 nec
275 3091 345 3174 ipse
376 3091 513 3153 Emsero
546 3100 579 3152 et
610 3089 717 3153 Eckio
730 3091 753 3170 ¹)
793 3088 847 3151 vel
888 3090 1063 3152 minimum
1094 3087 1211 3152 cedere

89 3187 195 3270 voluit,
215 3189 370 3272 quamvis
385 3187 558 3251 clarissimi
572 3197 689 3271 essent,
708 3187 960 3272 Lutherumque
975 3187 1212 3270 redarguerent

88 3286 195 3350 solidis
220 3287 435 3370 argumentis.
484 3285 519 3350 Si
552 3307 629 3350 vero
662 3285 751 3370 apud
783 3284 866 3348 alios
891 3307 1009 3370 parum
1035 3284 1212 3348 valuerunt

87 3386 206 3470 scripta
231 3384 400 3447 Prieriatis
425 3393 456 3447 et
481 3385 746 3468 Hoogstraatcni,
780 3406 880 3447 causa
905 3385 939 3446 in
964 3405 1001 3446 eo
1025 3383 1097 3463 fuit,
1122 3381 1212 3467 quod

87 3494 197 3548 contra
230 3482 390 3547 Ordinem
426 3483 696 3548 Praedicatorum
737 3475 916 3566 praecipue
955 3480 1078 3543 ultimis
1116 3481 1212 3544 annis

86 3578 294 3646 humanistae
325 3580 390 3643 tela
422 3580 718 3659 suadirexerant,
752 3579 907 3664 quodque
931 3581 1145 3642 Dominieani
1178 3579 1212 3641 in

87 3680 311 3743 controversia
325 3688 438 3742 contra
451 3678 673 3742 Reucblinum
690 3677 818 3741 cladem
835 3677 981 3762 aliquam
1005 3680 1092 3761 passi
1109 3685 1211 3739 erant.

86 3776 282 3841 Habebatur
306 3786 416 3840 autem
441 3801 460 3839 a
484 3776 635 3861 plurimis
660 3777 806 3862 quaestio
833 3775 874 3838 de
898 3773 1049 3838 thesibus
1073 3773 1212 3837 Lutheri

158 4045 179 4112 ²)
199 4045 308 4109 Eckius‚
328 4047 416 4096 rector
429 4043 624 4097 Universitatis
635 4041 867 4110 ingolstadiensis,
888 4041 998 4107 scripsit
1011 4044 1105 4093 contra
1125 4039 1215 4092 theses
1288 4050 1293 4054 ·

89 4125 200 4179 Lutheri
220 4119 314 4178 statim
336 4123 512 4189 „Obeliscos‘n
538 4129 565 4176 et
584 4129 679 4189 postea
698 4122 858 4189 praecipuus
884 4121 938 4174 fuit
957 4121 1015 4188 ejus
1035 4118 1215 4172 adversarius.

89 4205 222 4269 Emserus,
246 4205 316 4272 juris
338 4204 476 4258 consultus
496 4203 652 4270 Lipsiensis,
680 4203 782 4270 incepit
807 4201 924 4255 scribere
948 4205 1042 4254 contra
1065 4199 1219 4252 Lutherum

92 4302 115 4337 a.
137 4287 212 4339 1519.
796 4283 797 4287 ’
