3288 4900
459 421 512 475 rac
629 393 631 403 ’
774 421 931 476 xxxvm.
950 422 992 476 ns
1009 422 1128 477 conane
1145 423 1314 478 misnens.

458 565 684 650 deposcerent,
701 586 805 651 eaque
821 567 922 629 venia
936 567 1022 650 ipsis
1033 566 1207 651 denegata,
1226 568 1342 653 jejuno
1360 566 1416 633 illo
1433 568 1578 632 subsidio

457 682 668 749 nequaquam
692 665 839 728 contenti
856 663 1027 745 vivebant,
1052 664 1109 728 sed
1134 687 1265 750 semper
1278 666 1408 751 queruli
1425 665 1578 751 ,frequen-

457 761 573 824 tiorem
606 761 848 847 largioremque
880 784 976 847 opem
1015 762 1255 847 efflagitabant
1312 763 1417 844 Quin«
1434 767 1498 828 nisi
1529 787 1580 828 me

457 858 585 923 alienae
609 860 719 923 famae
749 861 935 925 reverentia
958 870 1096 942 vetaret,
1126 883 1257 946 possem
1282 863 1439 948 equidem
1473 862 1579 947 palam

456 956 576 1038 facere,
601 955 643 1020 ab
660 956 712 1020 his
727 961 878 1024 maxime
889 957 1056 1023 molestias
1070 958 1268 1046 laboresque
1282 970 1460 1046 perpetuos
1476 959 1582 1026 illatos

456 1054 558 1118 fuisse
580 1055 735 1120 Pontifici
765 1080 805 1120 ac
829 1058 965 1140 Legatis
996 1058 1030 1121 in
1054 1057 1336 1142 disputationibus
1366 1058 1580 1142 synodorum.

457 1152 561 1216 Multo
594 1154 727 1239 majoris
761 1154 917 1219 utilitatis.
942 1177 1049 1219 nexus
1071 1155 1303 1240 agglutinabat
1333 1158 1509 1242 episcopos
1536 1169 1581 1222 tot

402 1243 404 1248 ’
456 1252 664 1337 principibus
687 1252 796 1335 laicis,
830 1255 1029 1338 inquorum
1054 1253 1236 1318 ditionibus
1266 1257 1320 1318 siti
1345 1265 1581 1320 erant.omnes

456 1351 602 1434 ipsorum
619 1351 769 1416 redditus
785 1361 856 1416 tum
872 1351 1099 1432 ecclesiastici,
1124 1361 1194 1416 tum
1211 1352 1435 1436 haereditarii,
1461 1363 1497 1417 et
1518 1376 1579 1418 non

457 1450 567 1511 minus
590 1449 794 1513 substantiae
818 1471 858 1512 ac
882 1452 971 1514 vitae
995 1472 1110 1514 eorum
1135 1452 1293 1532 omnium,
1328 1453 1384 1537 qui
1416 1474 1495 1516 cum
1521 1451 1581 1516 illis

456 1546 617 1628 sanguine
641 1547 941 1633 conjungebantur.
988 1547 1114 1611 Verum
1139 1550 1165 1611 si
1189 1548 1368 1614 Pontifices
1401 1550 1582 1614 occludunt

455 1664 583 1725 manus,
607 1646 766 1729 profanae
789 1647 961 1728 avaritiae,
986 1646 1237 1730 siexpandunt‚
1262 1647 1443 1732 sacrilegae
1460 1670 1580 1713 merca·

454 1750 547 1804 turae
572 1743 870 1826 insimulantur.“¹>
1302 1737 1304 1740 ⁴

294 1868 431 1944 cantaver-
545 1859 597 1923 89.
645 1859 767 1923 Variae
791 1863 892 1924 etiam
917 1861 996 1925 inde
1019 1860 1062 1924 ab
1087 1863 1182 1924 initio
1207 1851 1343 1946 Legatis
1374 1861 1580 1926 dirimendae

156 1983 162 2046 q
289 1942 341 1972 ⁵¹⁸⁰
356 1943 443 1972 ”m
453 1956 588 2019 fuerunt
610 1959 819 2042 quaestiones
844 1968 876 2022 et
899 1962 1143 2023 controversiae
1174 1962 1317 2023 acriores
1334 1961 1518 2025 interdum
1544 1963 1580 2025 de

43 2056 44 2113 J
156 2055 169 2152 l
454 2057 725 2139 praeeminentiis
750 2066 782 2120 et
795 2056 987 2138 honoribus,
1013 2080 1098 2143 quae
1114 2068 1184 2121 tum
1201 2060 1288 2122 inter
1302 2060 1487 2144 episcopos,
1512 2070 1579 2122 tum

136 2145 159 2194 '³¹
454 2154 540 2215 inter
564 2155 674 2217 varios
697 2156 888 2240 principum
912 2155 1068 2220 Oratores
1092 2155 1294 2221 oriebantur.
1337 2153 1403 2220 Sed
1429 2156 1513 2219 haec
1538 2179 1580 2219 re·

154 2229 157 2360 l
453 2250 537 2314 ferre
568 2251 704 2335 longum
735 2253 882 2338 profecto
912 2254 998 2317 foret
1021 2275 1060 2317 ac
1085 2255 1195 2317 minus
1218 2253 1309 2319 utile.
1356 2253 1446 2317 Illud
1471 2264 1578 2317 tamen

154 2361 156 2432 i
453 2350 790 2415 animadvertendum
814 2361 872 2433 est,
898 2373 939 2415 ne
964 2353 1018 2415 cui
1036 2367 1078 2414 ex
1094 2353 1327 2415 controversiis
1342 2365 1480 2438 propter
1491 2352 1578 2432 talia,
1633 2413 1637 2419 ,,

154 2438 156 2478 ³
453 2456 613 2532 tanquam
637 2472 689 2512 res
703 2449 813 2513 futiles
835 2452 911 2528 sint,
937 2448 1132 2514 scandalum
1148 2451 1289 2514 oriatur:
1313 2452 1419 2533 signis
1436 2452 1581 2513 externis

447 2546 526 2630 jura
550 2549 670 2611 summi
697 2550 854 2612 momenti
878 2549 969 2613 haud
993 2570 1067 2612 raro
1089 2571 1160 2612 esse
1176 2548 1282 2612 valde
1299 2571 1462 2629 connexa,
1487 2551 1579 2613 adeo·

453 2663 516 2729 que
550 2647 649 2708 etiam
680 2646 722 2710 ab
754 2645 946 2711 hominibus
979 2645 1162 2710 humilibus
1186 2656 1218 2710 et
1242 2647 1447 2731 dignissimis
1473 2646 1578 2732 quoad
1633 2685 1635 2689 ι

452 2741 535 2805 haec
564 2747 805 2809 controversias
829 2768 924 2830 posse
949 2745 1073 2811 haberi.
1121 2744 1177 2808 Sic
1201 2745 1354 2809 Tridenti
1379 2745 1579 2810 venerabilis

451 2840 725 2906 Bartholomaeus
759 2843 800 2906 de
831 2844 1035 2927 Martyribus
1064 2843 1104 2908 Ο.
1130 2844 1162 2909 S.
1188 2844 1358 2907 Dominici
1392 2853 1426 2907 et
1457 2843 1577 2906 archie-

451 2940 608 3024 piscopus
631 2940 855 3022 Bracarensis,
887 2942 951 3006 sibi
980 2951 1016 3006 ut
1045 2944 1178 3028 primati
1203 2942 1398 3006 Lusitaniae
1422 2944 1575 3027 praeemi-

452 3039 599 3101 nentiam
632 3039 827 3103 vindicavit*
850 3062 950 3126 supra
983 3062 1097 3105 omnes
1132 3040 1297 3126 praelatos
1327 3040 1514 3125 Hispaniae
1548 3049 1577 3100 et

451 3135 656 3216 Lusitaniae,
681 3137 946 3221 repugnantibus
970 3137 1045 3203 illis.
1094 3138 1206 3218 Quum
1231 3160 1310 3202 vero
1327 3139 1455 3202 Romae
1481 3159 1574 3201 causa

452 3233 597 3312 caderet,
622 3233 764 3297 libenter
787 3238 970 3300 sententiae
994 3236 1080 3300 latae
1104 3238 1283 3322 acquievit.
1309 3273 1352 3283 -
1377 3234 1444 3300 Sed
1463 3235 1575 3300 diffici-

450 3331 511 3395 lior
540 3331 604 3394 fuit
635 3330 760 3415 duplex
789 3336 982 3398 contestatio
1015 3351 1091 3398 cum
1114 3335 1275 3420 Hispanis
1307 3335 1474 3419 episcopis
1504 3343 1573 3397 ante

451 3431 593 3515 primam
618 3451 676 3492 seu
697 3430 1039 3518 decimamseptimam
1064 3434 1244 3514 sessionem
1268 3432 1429 3497 habitam.
1461 3432 1572 3515 Hispa·
1636 3505 1637 3508 Ἴ

451 3549 570 3591 norum
595 3527 664 3591 dux
687 3531 885 3614 praecipuus
909 3540 980 3595 erat
1002 3529 1186 3595 Guerrerus
1210 3530 1482 3615 archiepiscopus
1499 3528 1573 3593 Gra·

451 3627 608 3704 natensis,
641 3627 694 3688 vir
722 3630 835 3711 magni
866 3630 974 3693 meriti
1003 3638 1045 3692 et*
1067 3631 1272 3692 auctoritatis
1302 3638 1402 3712 atque
1427 3628 1573 3691 doctrina-

450 3724 600 3807 insignis,
626 3723 685 3786 sed
709 3727 812 3788 animi
836 3747 941 3812 aequo
966 3725 1159 3792 tenacioria.·
1193 3727 1259 3790 Hic
1283 3728 1384 3809 igitur
1409 3747 1486 3789 cum
1509 3726 1573 3788 suis

450 3821 612 3906 Hispanis
628 3821 812 3904 insistebat,
829 3825 874 3887 'ut
880 3825 980 3910 juxta
995 3826 1082 3908 regis
1092 3824 1240 3910 Philippi
1253 3825 1449 3909 petitionem
1465 3832 1571 3908 aperte
1638 3905 1639 3908 Ἴ

449 3918 684 3999 declararetur,
717 3917 903 3984 Concilium
934 3924 1202 3986 continuationem
1232 3943 1303 3986 esse
1328 3921 1456 4006 Synodi
1485 3943 1568 4006 prae·
1638 3918 1639 3931 ¹

522 4211 543 4280 ι)
559 4186 699 4267 ‘Pallene
712 4210 743 4266 n.
762 4211 820 4265 xv
840 4211 936 4268 csxr.
956 4193 982 4266 ni
1002 4215 1027 4268 s.
1071 4225 1072 4228 Ν
1108 4237 1111 4250 ·
