3034 4894
304 463 340 516 36
432 459 571 515 XXXVIL
591 460 631 514 De
649 458 739 514 initiis
756 437 790 513 sc
807 458 841 513 de
857 475 971 528 propag.
990 460 1301 528 pseudoreformationis.

140 606 368 711 Wffiissnista
391 605 470 670 huic
501 604 710 690 aliquatenus
741 602 990 688 subjiciebatur.
1038 603 1136 668 Unde
1166 604 1209 669 ab
1234 607 1329 670 initio
1353 607 1430 670 Ale-

196 731 238 772 aa.
304 705 409 769 ander
432 703 605 768 Pontificis
626 701 756 784 legatus
787 702 917 784 restitit,
949 724 991 765 ne
1016 700 1182 766 Lutherus
1206 704 1430 768 Wormatiam

303 811 489 884 vocaretur,
519 823 580 864 nec
605 797 743 863 Carolus
766 799 798 861 V
823 801 975 884 ipseper
999 821 1032 862 se
1056 799 1090 862 id
1114 801 1312 884 postulabat.
1361 803 1431 868 Sed

303 901 471 986 principes
495 920 561 963 non
581 899 679 983 panci
692 896 783 961 haud
797 896 882 961 bene
894 899 1006 961 affecti
1019 908 1113 961 erant
1129 921 1207 983 erga
1220 899 1432 982 Pontificem,

303 999 393 1062 unde
423 999 521 1061 etiam
563 996 624 1060 101
665 998 862 1079 gravamina
894 997 1037 1059 nationis
1061 993 1281 1062 Germanicae
1314 1010 1432 1064 contra

302 1096 442 1160 Romam
480 1093 587 1178 legato
627 1093 753 1157 ibidem
789 1093 912 1157 tradita
948 1092 1050 1157 fuere.
1101 1093 1222 1159 Edicta
1256 1097 1433 1182 pontificia

303 1202 418 1257 contra
433 1190 617 1255 Lutherum
642 1193 780 1276 exsequi
806 1190 1028 1271 declinabant,
1054 1191 1112 1255 sed
1128 1195 1368 1278 proponebant,
1396 1207 1434 1260 ut

303 1313 323 1355 a
348 1290 520 1375 judicibus
544 1289 658 1374 aequis
683 1289 754 1374 ejus
778 1310 878 1352 causa
911 1291 1167 1356 examinaretur.
1215 1292 1433 1377 Imperatoris

303 1411 382 1452 vero
407 1387 586 1452 consiliarii
611 1387 736 1471 pariter
759 1388 869 1450 minus
883 1386 1054 1450 Ecclesiae
1082 1409 1219 1451 causam
1242 1391 1317 1452 tuiti
1344 1401 1434 1472 sunt,

303 1489 369 1551 imo
393 1486 436 1551 ob
459 1486 604 1550 rationes
627 1483 779 1569 politicas
803 1483 959 1548 Pontifici
989 1485 1099 1569 potius
1128 1486 1293 1551 molestias
1318 1511 1433 1552 creare

303 1584 504 1650 nitebantur.
556 1584 726 1647 Postremo
771 1605 790 1646 a
838 1580 955 1647 Carolo
989 1582 1021 1646 V
1067 1582 1237 1648 obtentum
1280 1596 1347 1667 est,
1397 1599 1435 1651 ut

303 1682 469 1746 Lntberus
499 1683 656 1744 citaretur
687 1702 754 1744 non
787 1680 922 1766 quidem
955 1681 998 1745 ad
1023 1681 1270 1746 discutiendam
1294 1706 1433 1748 causam

303 1781 384 1865 ejus,
415 1779 473 1843 sed
497 1788 534 1842 ut
557 1781 824 1862 interrogaretur,
853 1799 896 1842 an
928 1777 1005 1842 libri
1028 1779 1093 1863 ipsi
1119 1779 1278 1866 adscripti
1314 1803 1434 1845 revera

303 1878 375 1962 ejus
398 1886 515 1957 essent,
540 1898 650 1961 anque
674 1897 801 1940 errores
826 1897 903 1939 suos
927 1898 1085 1941 revocare
1110 1877 1209 1941 vellet
1231 1901 1348 1943 necne.

392 1974 446 2039 36.
499 1973 611 2054 Quum
639 1973 807 2037 Lutherus
837 1973 928 2038 salvo
963 1973 1129 2038 conductu
1161 1979 1308 2041 munitus
1332 1979 1433 2041 Wor-

305 2074 440 2136 matiam
453 2059 725 2156 proficisceretur,
738 2072 810 2157 jam
824 2073 990 2157 apparuit,
1007 2094 1162 2155 magnam
1175 2073 1289 2158 populi
1301 2083 1432 2160 partem
1512 2155 1513 2160 η

304 2171 368 2254 ipsi
391 2169 560 2234 addictam
585 2192 673 2253 esse,
698 2169 904 2234 Wormatiae
928 2192 1006 2234 vero
1032 2170 1086 2235 die
1106 2171 1164 2234 17⁰
1180 2181 1213 2235 et
1230 2173 1288 2236 18⁰
1304 2173 1433 2258 Aprilis

304 2277 381 2331 ante
412 2279 613 2332 conventum
645 2269 859 2353 Imperatoris
889 2278 921 2331 et
952 2269 1141 2353 principum
1174 2267 1341 2333 adductus
1373 2280 1430 2334 est.

304 2365 539 2449 Interrogatus,
564 2390 607 2430 an
630 2366 732 2431 libros
749 2368 820 2452 ejus
837 2369 971 2430 nomine
989 2367 1095 2430 editos
1110 2368 1220 2451 reipsa
1235 2370 1429 2452 scripsisset,

306 2473 339 2527 ct
361 2486 404 2527 an
429 2486 553 2530 errores
577 2467 611 2528 in
636 2467 676 2529 iis
700 2475 871 2529 contentos
894 2487 1052 2529 revocare
1076 2465 1185 2546 vellet,
1219 2465 1261 2530 ad
1286 2468 1430 2551 priorem

291 2563 533 2647 quaestionem
556 2564 753 2645 affirmavit,
778 2563 822 2627 ad
846 2565 1060 2649 posteriorem
1084 2573 1157 2648 post
1181 2565 1286 2626 otium
1310 2565 1432 2628 delibe-
1511 2553 1512 2610 ἓ

306 2661 654 2742 rationiconcessnm,
679 2661 860 2745 respondit,
885 2683 919 2723 se
935 2660 982 2724 nil
998 2670 1242 2742 revocaturum,
1268 2671 1301 2725 et
1324 2684 1431 2748 neque

305 2757 459 2821 Pontifici
484 2781 591 2844 neque
616 2756 765 2822 Concilio
795 2757 950 2842 generali,
984 2767 1097 2843 utpote
1129 2761 1229 2822 errori
1266 2759 1430 2840 obnoxiis,

307 2877 486 2938 cessurum,
512 2856 575 2920 nisi
600 2855 696 2920 claris
713 2854 903 2940 Scripturae
927 2855 1039 2919 verbis
1063 2866 1120 2920 aut
1135 2859 1232 2920 certis
1248 2859 1432 2921 ratiociniis

307 2955 426 3017 erroris
456 2955 719 3018 convinceretur.
768 2952 852 3017 Cum
884 2954 986 3037 igitur
1016 2953 1096 3017 huic
1120 2953 1339 3018 declarationi
1363 2977 1432 3040 per·
1510 2955 1511 3000 i

306 3053 467 3115 vicaciter
500 3052 697 3132 inhaereret,
736 3053 920 3136 Imperator
957 3052 1072 3133 edixit,
1111 3061 1147 3114 ut
1181 3051 1351 3116 Lntberus
1389 3050 1431 3116 ab

307 3149 462 3213 omnibus
491 3159 651 3236 tanquam
679 3150 909 3214 schismaticus
934 3159 965 3213 et
989 3148 1175 3213 haereticus
1198 3149 1378 3214 haberetur
1401 3158 1432 3213 et

307 3257 380 3332 post
413 3249 453 3311 21
489 3249 577 3330 dies,
620 3248 663 3312 ad
692 3269 774 3333 quos
809 3247 921 3311 salvus
955 3248 1139 3312 conductus
1179 3247 1432 3328 extendebatur,
1509 3287 1510 3320 1

307 3348 342 3410 in
367 3368 442 3411 eum
467 3368 533 3432 qua
549 3346 752 3410 haereticum
773 3345 1015 3430 procederetur,
1040 3356 1142 3431 utque
1166 3347 1237 3432 ejus
1260 3345 1338 3410 libri
1364 3347 1432 3410 ubi-

308 3466 372 3530 qne
403 3444 683 3510 comburerentur.
730 3445 851 3508 Edicto
883 3443 1044 3528 peculiari
1077 3444 1131 3507 die
1163 3445 1200 3508 8⁰
1228 3445 1310 3530 Maji
1344 3445 1430 3509 edito

301 3541 446 3609 ,Carolus
484 3543 674 3607 solemniter
708 3542 769 3606 has
816 3541 1055 3605 declarationes
1094 3551 1208 3606 contra
1246 3543 1430 3606 Lutherum

308 3640 502 3726 publicavit,
528 3641 730 3726 modumque
754 3640 876 3723 agendi
901 3650 1015 3704 contra
1039 3662 1114 3704 eum
1139 3651 1171 3703 et
1194 3639 1339 3704 asseclas
1363 3641 1430 3725 ejus

307 3739 529 3824 praescripsit.
562 3738 628 3803 Sed
652 3739 785 3802 Elector
809 3737 1006 3819 Saxonicus,
1031 3760 1134 3823 quum
1157 3737 1429 3803 LutherusWor·

308 3837 411 3899 matia
433 3847 662 3920 reverteretur,
687 3859 762 3900 eum
787 3838 995 3921 specietenus
1018 3859 1077 3922 per
1100 3839 1169 3900 vim
1193 3835 1318 3899 abduci
1343 3857 1430 3900 cura-

310 3935 358 3997 vit
381 3935 415 3997 in
428 3957 537 3999 arcem
555 3958 649 3999 suam
667 3933 859 4018 Wartburg,
885 3933 943 3998 ubi
969 3957 1112 4017 securus,
1137 3933 1255 3998 babitu
1272 3933 1428 3998 saeculari

308 4031 455 4115 indutus,
486 4055 545 4117 per
575 4055 700 4097 annum
724 4033 792 4096 fere
815 4031 1047 4096 haeresiarcha
1075 4033 1244 4097 remansit.
1293 4029 1429 4116 Scriptis
1507 4065 1508 4070 κ

309 4139 419 4192 autem
444 4132 589 4214 perrexit
612 4130 747 4195 turbare
770 4129 967 4212 Ecclesiam,
993 4131 1088 4216 cujus
1111 4130 1340 4194 adversarium
1358 4129 1427 4214 jam

309 4225 443 4313 publice
467 4249 537 4291 sese
560 4231 784 4294 constituerat.
