2964 4912
320 466 373 522 288
718 462 774 519 XL.
811 463 852 516 De
870 463 1048 518 Jansenismo.

321 632 354 674 se
378 609 671 673 Praedecessorum
698 605 998 672 constitutionibus
1033 606 1171 670 firmiter
1209 610 1355 673 insistere
1388 633 1420 673 ac

320 708 559 793 propositiones
591 708 738 792 quinque
768 706 969 789 proscriptas
1000 726 1069 768 esse
1093 707 1127 768 in
1153 727 1254 770 sensu
1276 707 1420 772 Jansenii

160 811 256 852 J⁸¹²⁸⁶¹¹¹
257 816 300 851 ⁸²⁸·
320 804 386 870 Sed
402 804 481 868 vel'
472 826 543 890 1pso
559 803 622 867 hoc
639 803 754 867 ultimo
765 803 952 866 Innocentii
964 803 1034 866 XII
1049 803 1150 866 Brevi
1161 803 1367 869 Jansenistae
1379 805 1422 868 ab·

160 885 210 914 mm
224 876 280 914 Μ
282 887 368 966 uti
392 904 456 965 nisi
481 910 567 982 sunt,
593 922 630 964 eo
648 901 736 986 quod
754 899 794 963 de
814 901 1190 985 praetenstslansenrs
1181 925 1209 966 rs
1167 901 1271 966 rbi
1286 902 1392 966 Ponti
1390 925 1423 965 ex
1462 947 1463 976 ;

318 999 515 1085 loqueretur.
562 998 673 1078 Quum
692 1019 776 1084 quae
794 997 875 1061 dicit
889 997 1045 1062 Pontifex
1065 1000 1313 1084 etiampraxim
1329 1001 1423 1064 Eccle-
1464 1039 1465 1061 r

319 1099 387 1161 siae
411 1097 520 1184 quoad
544 1097 700 1160 sectarios
723 1097 907 1179 generatim
932 1094 1105 1176 illustrent,
1130 1097 1233 1160 verba
1251 1099 1322 1183 ejus
1339 1101 1424 1162 citare

319 1205 540 1280 opportunum
565 1216 636 1258 esse
660 1192 801 1258 videtur.
851 1192 1013 1278 „Quodsi
1037 1194 1155 1278 inquit,
1180 1199 1346 1279 praetensi
1360 1197 1424 1261 Jan-

319 1294 461 1356 senistae
492 1294 619 1355 interne
652 1301 685 1354 et
715 1290 841 1375 absque
871 1312 909 1354 eo
941 1291 1030 1376 quod
1061 1291 1243 1373 deveniant
1269 1294 1424 1360 adullam

319 1399 430 1454 actum
469 1399 658 1471 externum,
697 1388 776 1451 dum
811 1388 927 1473 jurant
964 1388 1205 1472 formularium,
1245 1414 1314 1457 non
1348 1391 1427 1456 aliter

320 1488 479 1553 damnent
502 1489 648 1574 quinque
672 1487 922 1571 propositiones,
948 1508 1047 1572 quam
1072 1488 1107 1551 in
1124 1509 1223 1552 sensu
1239 1489 1350 1571 obvio,
1373 1511 1425 1552 non

319 1586 432 1651 habito
463 1596 615 1672 respectu
646 1607 761 1647 sensus
785 1583 876 1648 obvii
902 1584 982 1648 dicti
1016 1584 1210 1668 formularii,
1244 1610 1369 1673 suoque
1390 1610 1426 1649 ar·

318 1683 416 1748 bitrio
450 1684 610 1767 effingant
641 1682 803 1768 ejusmodi
837 1704 969 1746 sensum
1001 1682 1157 1763 obvium,
1191 1683 1345 1750 Ecclesia
1373 1706 1426 1747 non

313 1781 446 1867 judicat
468 1782 510 1845 de
533 1775 684 1864 occultis,
717 1802 801 1865 quae
833 1779 893 1843 soli
918 1780 989 1844 Deo
1022 1781 1172 1845 cordium
1197 1785 1371 1848 scrutatori
1391 1785 1428 1846 in·

319 1889 503 1944 notescunt.
550 1878 609 1942 Sin
633 1899 712 1942 vero
737 1879 837 1942 iidem
863 1880 1028 1963 praetensi
1044 1879 1255 1943 Jansenistae
1280 1903 1362 1945 voce
1383 1889 1427 1942 aut

319 1979 441 2062 scripto
466 1976 567 2040 edant
583 1978 732 2061 proprios
749 1998 864 2040 sensus
877 1975 1145 2061 Apostolicarum
1160 1975 1426 2043 Constitutionun

318 2073 545 2160 praedictique
569 2074 686 2137 Brevis
715 2075 824 2137 sensui
859 2073 1099 2154 dissentaneos,
1138 2075 1262 2139 debent
1286 2076 1426 2163 Episcopi

318 2183 416 2258 prout
447 2173 589 2257 dejure
621 2180 735 2236 contra
759 2193 813 2236 eos
836 2172 1049 2283 procederef‘
1095 2173 1300 2238 Jansenistis
1324 2172 1426 2237 vocula

312 2273 481 2356 praetensi
512 2270 717 2334 Janseotseae
750 2279 828 2354 apta
860 2271 933 2332 visa
965 2279 1022 2353 est,
1053 2269 1304 2355 utprobarent,
1337 2270 1426 2334 nullos

319 2390 435 2431 revera
460 2367 764 2432 esseJansenistas.
794 2367 840 2430 At
863 2369 1076 2432 manifestum
1101 2379 1159 2450 est,
1137 2369 1330 2433 tverbum
1347 2393 1426 2456 pror

320 2468 401 2529 tensi
423 2464 478 2528 hic
502 2487 569 2529 non
593 2466 780 2549 significare
804 2466 897 2530 fictos
921 2466 1138 2545 Jansenistas,
1164 2467 1221 2530 sed
1247 2489 1304 2532 eos
1329 2469 1382 2553 qui
1402 2475 1427 2526 ut

319 2562 400 2627 tales
424 2562 695 2647 praetenduntur,
728 2563 901 2647 habentur,
927 2565 1176 2628 denuntiantur.
1215 2565 1318 2630 Unde
1343 2575 1374 2630 et
1394 2565 1426 2627 di·

319 2663 527 2725 stinctionem
560 2662 641 2724 facit
664 2661 816 2724 Pontifex
848 2664 933 2724 inter
963 2662 1108 2726 occultos
1139 2671 1171 2725 et
1200 2684 1256 2728 eos
1286 2666 1345 2749 qui
1367 2673 1425 2726 actu

320 2768 455 2822 externo
480 2758 647 2822 Ecclesiae
673 2758 805 2822 decreta
829 2758 970 2838 violant3
1004 2782 1046 2822 ex
1070 2782 1134 2845 quo
1158 2770 1252 2845 patet
1276 2784 1354 2826 eum
1376 2781 1425 2824 non

319 2855 413 2919 fictos
431 2856 541 2919 dicere
557 2856 808 2938 Jansenistas.¹)
824 2895 867 2904 —
883 2857 1099 2921 Inundabant
1117 2879 1214 2942 porro
1231 2859 1253 2923 J
1256 2861 1425 2923 ansenistae

319 2955 444 3019 ultimis
469 2955 639 3019 decenniis
663 2956 786 3020 saeculi
811 2955 1067 3040 decimiseptimi
1091 2958 1244 3039 regiones
1257 2954 1384 3021 Galliae
1403 2965 1425 3015 et

318 3053 426 3136 Belgii
451 3053 563 3116 multis
587 3052 718 3132 libellis,
750 3054 871 3138 quibus
895 3055 1068 3139 opiniones
1101 3077 1176 3118 suas
1200 3055 1424 3141 propagabant.

317 3151 554 3236 Praeterquam
579 3151 668 3236 quod
692 3150 860 3215 doctrinas
884 3151 982 3216 falsas
998 3152 1038 3215 de
1054 3154 1161 3236 gratia
1175 3175 1215 3216 ac
1231 3155 1425 3238 rigorismum

318 3270 415 3311 suum
431 3258 602 3312 tuerentur
625 3258 657 3312 et
680 3249 889 3313 introducere
913 3250 1092 3329 studerent,
1117 3252 1218 3314 etiam
1243 3261 1281 3314 ut
1305 3269 1424 3332 exagge-

318 3356 426 3410 ratum
450 3347 670 3411 traducebant
694 3347 819 3410 cultum
844 3369 921 3431 erga
945 3349 982 3414 Β.
1008 3349 1051 3413 V.
1077 3348 1262 3431 Mariam.²)

392 3592 414 3663 ¹)
435 3593 489 3650 Cfr.
507 3594 644 3661 Toumely
662 3595 680 3652 l.
700 3612 721 3652 c.
741 3595 850 3662 Epocha
870 3593 922 3648 111.

391 3675 413 3745 ²)
432 3677 483 3732 An.
503 3675 573 3728 1673
592 3676 681 3729 editus
705 3675 761 3729 fuit
783 3675 903 3729 libellus:
929 3676 1043 3728 Morrito
1066 3675 1209 3727 salutaria
1228 3675 1264 3728 B.
1288 3675 1317 3728 V.
1337 3673 1374 3726 M.
1394 3669 1422 3722 orl

319 3758 436 3810 cultores
449 3771 515 3808 suos
529 3757 702 3808 indiscretos.
719 3756 850 3810 Gorrdaor'
863 3759 940 3808 1673.
960 3755 1027 3823 Ejus
1040 3759 1134 3808 auctor
1146 3759 1208 3808 erat
1217 3756 1305 3808 Adam
1317 3751 1421 3808 Weiden·

318 3837 374 3891 feld
392 3838 539 3890 advocatus
552 3834 725 3900 Coloniensis,
745 3835 791 3902 qui
810 3834 968 3889 movebatur
987 3834 1044 3888 zelo
1063 3834 1178 3901 quodam
1197 3833 1360 3902 imprudenti
1375 3843 1420 3898 pro·

318 3917 431 3971 curandi
454 3916 580 3970 unionem
598 3916 822 3980 Protestantium,
848 3931 897 3982 per
923 3915 1105 3969 concessiones
1132 3915 1170 3969 eis
1194 3931 1212 3968 a
1231 3913 1371 3968 Catholicis
1391 3908 1420 3962 la·

319 3997 434 4052 cicadas.
472 3996 590 4063 Quum'
582 4012 640 4064 ipse
659 4013 719 4050 cum
735 3995 901 4050 Jansenistis
924 3995 1141 4049 familiaritatem
1166 3995 1279 4062 coleret,
1302 3995 1331 4048 hi
1348 3993 1370 4045 ei
1385 4003 1420 4041 ne·

319 4077 434 4132 cessaria
451 4076 668 4142 suppeditarunt,
687 4082 720 4129 ut
737 4076 858 4130 libellum
876 4076 960 4129 istum
972 4076 1128 4143 popularem
1143 4076 1309 4142 compilaret
1333 4075 1417 4139 Appro

319 4156 455 4210 tationem
473 4155 593 4210 obtinuit
607 4156 762 4224 opusculum
781 4172 797 4208 a
811 4155 937 4210 Gisberto
950 4155 983 4209 de
996 4154 1120 4209 Ohoisenl
1139 4156 1264 4223 episcopo
1276 4146 1417 4209 Tornacena'

320 4235 491 4308 (Gallicano),
511 4237 627 4302 etquod
646 4236 846 4303 vaddemirum,
867 4236 1077 4290 etiamaPetro
1096 4225 1417 4304 deWalemburgcelebn'
1467 4213 1469 4278 l
