3020 4908
595 481 743 539 Conclusio.
1181 485 1238 538 433

107 628 278 690 nationem
312 635 344 690 et
377 627 542 690 actionem
576 627 611 688 in
635 628 825 690 universam
859 627 1050 690 societatem
1086 625 1235 690 christia-

107 746 198 788 nam.
245 724 298 788 Ex
329 725 402 809 ipsa
433 724 521 786 enim
546 723 716 787 Ecclesiae
741 725 977 788 constitutione
1002 723 1137 805 divina,
1169 747 1235 810 qua

108 822 279 885 Romanus
310 819 466 884 Pontifex
501 821 536 884 in
569 821 763 884 universum
792 819 904 884 orbem
937 830 1041 885 tenet
1057 823 1236 906 primatum

109 920 274 1004 totiusque
291 917 461 982 Ecclesiae
478 927 577 1002 caput
593 926 625 980 et
639 919 786 982 omnium
799 917 1063 983 Christianorum
1080 929 1129 983 est
1143 928 1236 1004 pater

109 1025 144 1080 et
166 1026 282 1098 rector,
308 1015 454 1101 profecto
478 1016 600 1097 evenit,
625 1023 661 1078 ut
682 1017 716 1080 in
733 1017 891 1081 universa
907 1015 1077 1080 Ecclesiae
1101 1015 1238 1082 historia

108 1114 205 1179 Sedis
224 1112 435 1200 Apostolicae
455 1116 542 1176 actio
562 1115 737 1198 primarias
760 1123 872 1178 teneat
891 1124 1010 1199 partes.
1050 1113 1141 1179 Dum
1156 1137 1236 1179 vero

107 1212 299 1298 frequenter
315 1212 537 1275 Romanorum
554 1211 754 1276 Pontificum
777 1221 870 1296 gesta
895 1221 1008 1275 contra
1032 1211 1237 1278 adversario·

108 1332 183 1374 rum
217 1311 486 1395 impugnationes
519 1299 785 1391 vindicavimus,
821 1317 854 1373 et
891 1331 1021 1373 summa
1054 1332 1167 1374 eorum
1202 1312 1236 1374 in

108 1430 224 1472 omnes
259 1409 424 1490 nationes,
454 1408 600 1471 maxime
624 1406 838 1487 christianas,
873 1407 1073 1471 asseruimus
1104 1409 1236 1472 merita:

108 1505 201 1571 haud
225 1505 333 1570 studio
358 1506 502 1590 partium
530 1504 583 1569 vel
607 1504 852 1568 inconsiderato
877 1505 1006 1568 fervore
1029 1504 1236 1590 apologetico

108 1605 144 1669 id
169 1626 229 1668 nos
252 1605 422 1667 existimes
445 1605 657 1688 praestitisse.
706 1601 772 1666 Sed
797 1624 882 1688 quae
906 1624 948 1666 ex
964 1602 1123 1667 historiae
1140 1603 1238 1668 docu-

109 1704 230 1766 mentis
243 1701 444 1786 colliguntur
456 1700 639 1765 secundum
654 1702 820 1786 principia
834 1723 914 1763 vera
922 1700 1063 1764 fideliter
1071 1722 1238 1786 exponere

108 1801 219 1864 conati
237 1821 360 1880 sumus,
387 1820 449 1862 nec
464 1800 546 1876 vitio
564 1800 649 1862 verti
666 1808 775 1885 potest
790 1797 878 1883 quod
897 1798 1060 1882 intrepide
1076 1798 1237 1884 plurimas

108 1897 294 1962 calumnias
323 1906 438 1961 contra
460 1897 628 1962 Romanos
651 1897 829 1962 Pontifices
858 1907 1031 1982 congestas
1059 1897 1236 1984 rejecimus

107 2006 210 2082 atque
240 1993 407 2060 diluimus.
454 1996 588 2060 Etenim
620 1998 653 2060 in
678 1995 770 2060 hisce
800 1994 1049 2080 quaestionibus
1072 1994 1238 2060 historicis

107 2092 291 2158 tractandis
308 2095 412 2156 secuti
429 2115 543 2157 sumus
559 2115 694 2158 auream
712 2093 802 2157 illam
819 2091 877 2159 SS.
895 2093 938 2158 D.
953 2093 994 2157 N.
1010 2092 1133 2157 Leonis
1148 2093 1236 2157 XIII

107 2192 388 2257 adhortationem:
409 2193 479 2255 Viri
489 2192 592 2276 probi,
609 2193 711 2256 inlice
724 2190 968 2278 disciplinarum
980 2213 1090 2277 penere
1103 2193 1239 2255 scienter

106 2291 236 2368 versati,
261 2291 401 2353 animum
417 2289 575 2377 adjiciant
591 2301 713 2374 oportet
731 2290 774 2353 ad
790 2289 988 2352 scribendam
1003 2289 1168 2352 historiam
1182 2290 1239 2352 hoc

103 2390 274 2478 preposito
296 2411 332 2451 ac
347 2389 404 2451 itae
420 2388 553 2467 ratione,
578 2398 613 2452 ut
634 2387 711 2473 quid
725 2409 830 2452 cerum
849 2389 1062 2471 sincerumque
1078 2389 1120 2450 sit
1136 2410 1238 2473 appa-

107 2496 189 2570 reat,
205 2497 235 2548 et
247 2509 326 2571 quae
338 2495 547 2570 conpenantui·
556 2490 629 2575 jam
640 2487 772 2549 nimium
787 2484 844 2549 diu
855 2486 890 2549 in
901 2485 1066 2568 Pontifices
1076 2486 1239 2548 Romanos

108 2585 271 2673 injuriosa
283 2584 417 2646 crimina
434 2584 521 2647 docte
538 2593 773 2670 opportuneque
786 2582 960 2647 diluantur.
969 2582 991 2664 ¹)
1027 2581 1079 2644 Ac
1092 2581 1239 2666 profecto

110 2684 184 2767 ipsa
204 2703 314 2744 rerum
336 2682 482 2766 genuina
504 2683 711 2765 expositione
736 2679 918 2745 concidunt
937 2678 993 2742 illa
1013 2680 1048 2743 in
1069 2679 1238 2744 Romanos

109 2779 287 2844 Pontifices
301 2780 464 2860 convicia,
486 2800 666 2863 eorumque
686 2777 727 2842 de
740 2780 896 2858 universo
908 2775 987 2840 orbe
1000 2778 1117 2840 merita
1130 2776 1236 2862 splen-

109 2877 187 2941 dida
210 2877 284 2941 luce
301 2875 495 2964 clarescunt.
532 2875 722 2962 Intercepta
736 2877 825 2939 enim
840 2897 945 2938 rerum
958 2885 1115 2959 poetarum
1129 2897 1236 2938 menu-

107 2985 223 3056 menta,
246 2976 276 3038 si
297 2976 351 3060 qui
365 2971 572 3059 tranquillum
592 2983 622 3036 et
636 2971 883 3062 praejudicatae
898 2972 1059 3058 opinionis
1079 2982 1239 3058 expertem

107 3073 255 3138 intendat
269 3073 417 3150 animum,
433 3095 496 3156 per
511 3093 542 3134 se
566 3073 640 3156 ipsa
655 3069 830 3134 Ecclesiam
846 3080 876 3133 et
890 3070 1110 3154 Pontificatum
1127 3079 1237 3155 sponte

108 3171 329 3256 raapnificeque
345 3169 530 3252 defendunt.
555 3170 643 3232 Licet
658 3170 741 3232 enirn
756 3170 791 3232 in
806 3169 848 3232 iis
861 3169 1078 3232 institutorum
1093 3168 1237 3238 christia-

107 3291 219 3332 norum
227 3290 409 3353 permenam
416 3278 565 3330 naturam
573 3267 880 3352 mapnitudinemque
890 3266 1008 3330 intueri
1015 3289 1027 3345 ;
1041 3264 1238 3350 intersertia

100 3367 284 3429 >certamina
306 3365 500 3452 inclytosque
524 3367 674 3429 victorias
697 3365 809 3428 divina
831 3365 878 3428 eis
896 3363 1056 3427 Ecclesiae
1079 3365 1237 3447 uirtusque

108 3464 263 3542 cernit-ur,
295 3474 324 3527 et
347 3462 520 3548 manifesta
536 3462 701 3548 factorum
723 3462 792 3546 fide
816 3463 952 3526 eminent
980 3472 1009 3523 et
1033 3471 1192 3547 apparent
1216 3483 1239 3524 a

108 3560 313 3643 Pontificibus
336 3562 485 3624 menimis
507 3559 656 3644 benefida
678 3562 713 3624 in
729 3561 894 3624 universas
910 3570 1015 3645 pentes
1030 3582 1156 3644 mapna,
1181 3559 1237 3622 sed

108 3659 144 3721 in
164 3679 217 3722 eas
232 3661 356 3747 majora
377 3681 510 3745 quarum
529 3661 564 3722 in
578 3660 651 3723 sinu
668 3657 779 3722 Sedere
795 3656 1012 3744 Apostolicam
1028 3655 1239 3742 providentia

109 3755 174 3818 Dei
197 3754 405 3838 collocatam)

187 3948 205 4013 ¹)
225 3944 348 4013 Epistola
376 3943 410 3996 ad
438 3943 463 3996 S.
484 3943 516 3996 R.
535 3941 566 3998 E.
596 3941 766 4006 Cardinales,
796 3943 828 3995 A.
858 3941 898 3994 De
926 3941 1014 4004 Luca,
1042 3940 1069 3995 J.
1088 3939 1120 3993 B.
1150 3939 1240 4006 Pitra,

108 4025 135 4081 J.
156 4023 359 4093 Hergenrtther
378 4022 402 4075 d.
422 4022 448 4078 d.
469 4022 511 4077 18.
531 4021 652 4088 Augusti
672 4020 751 4075 1883.
826 4020 850 4092 ²)
871 4019 981 4075 Ibidem.
1174 4037 1178 4046 ·

570 4213 590 4218 ...
597 4213 610 4217 -
628 4199 781 4231 ...φορὴ-.-

164 4364 306 4413 Jungmann,
327 4363 514 4404 Dlssertationos.
544 4363 609 4402 Tem.
623 4361 675 4403 Vll.
