3020 4908
387 469 427 522 De
445 465 622 521 Pontificibus
642 465 743 520 saeculi
762 464 877 521 XVIII·
1134 465 1186 520 391

82 621 173 694 reret,
204 612 338 677 dissidia
362 621 459 675 aucta
483 619 577 691 sunt,
611 619 643 672 et
667 611 775 673 omnis
806 618 982 694 utrumque
1007 611 1187 674 communi-

81 712 159 774 catio
182 713 363 796 interrupta
387 718 445 774 est.
494 707 577 772 Cum
602 707 743 771 Romani
759 706 938 770 Pontifices
962 707 1102 772 durante
1126 709 1188 772 dis·

81 809 185 872 cordia
213 831 267 873 eos
298 830 378 894 quos
402 830 461 871 rex
490 806 532 870 ad
557 806 719 870 beneficia
743 807 778 868 in
802 803 957 869 Sardinia
988 815 1020 868 et
1051 809 1188 871 caeteris

79 907 141 968 suis
163 909 253 970 terris
268 909 465 986 nominarat,
491 904 687 968 confirmare
702 903 836 984 nollent,
861 903 954 967 multi
971 905 1188 989 episcopatus,

83 1001 224 1067 abbatiae
241 1015 272 1068 et
288 1003 354 1067 alia
369 1002 533 1067 beneficia
549 1000 674 1065 ibidem
687 1000 862 1065 vacabant.
887 1001 1088 1066 Benedictus
1103 1002 1190 1065 XIII

80 1102 194 1183 omnia,
218 1101 275 1165 sed
299 1102 420 1166 frustra
445 1101 596 1179 tentavit,
622 1108 658 1162 ut
681 1121 792 1183 regem
816 1122 836 1162 a
856 1101 1038 1185 praetensis
1056 1099 1190 1184 juribus

80 1198 250 1265 reduceret.
298 1203 444 1263 Domum
479 1221 507 1262 a.
543 1198 627 1261 1727
662 1219 738 1260 cum
771 1218 809 1260 eo
842 1199 1073 1262 conventionem
1105 1199 1190 1278 iniit,

81 1317 139 1380 qua
169 1306 298 1381 praeter
331 1297 396 1360 alia
430 1297 613 1359 nominatio
638 1294 680 1357 ad
705 1297 929 1379 episcopatus,
963 1294 1006 1359 ad
1039 1295 1190 1360 abbatias

76 1403 108 1456 et
129 1394 190 1458 alia
214 1395 377 1459 beneficia
400 1396 470 1478 regi
495 1392 749 1458 concedebatur.
797 1391 877 1455 Mox
900 1402 1010 1457 tamen
1034 1393 1095 1457 sub
1122 1391 1191 1457 Cle·
1216 1447 1217 1451 ,

80 1502 179 1555 mente
202 1493 272 1556 XII
305 1492 471 1556 discordia
500 1493 695 1555 resuscitata
720 1499 777 1556 est.
803 1529 846 1538 -
870 1490 989 1572 Vides,
1026 1493 1191 1556 continuis

79 1591 259 1675 principum
285 1589 557 1674 usurpationibus
588 1589 698 1675 quoad
721 1610 773 1651 res
797 1587 967 1652 Ecclesiae
998 1589 1061 1653 hac
1084 1597 1191 1653 aetate

78 1685 247 1751 Pontifices
278 1698 416 1751 vexatos
445 1687 564 1769 fuisse,
595 1707 725 1750 acuon
755 1687 819 1749 nisi
843 1707 940 1770 aegre
967 1688 1191 1752 omnimodam

77 1784 283 1850 rebellionem
316 1806 375 1870 per
406 1787 633 1850 concessiones
666 1793 699 1847 et
723 1785 960 1848 conventiones
992 1807 1061 1849 esse
1092 1787 1192 1870 impe·

77 1881 185 1948 ditum.
208 1921 251 1930 -
278 1884 373 1962 Quae
398 1881 458 1947 sub
475 1881 656 1946 Benedicto
673 1881 760 1945 XIII
784 1883 818 1944 in
843 1885 973 1967 negotio
990 1884 1192 1948 Jansenismi

77 1984 261 2064 evenerint,
306 1982 377 2068 jam
417 1981 572 2045 vidimus.
625 1980 712 2044 Illud
752 1981 882 2064 egregio
925 1980 1004 2044 huic
1039 1983 1191 2046 Pontifici

77 2078 252 2144 infaustum
288 2079 427 2159 accidit,
465 2088 501 2142 ut
533 2081 566 2142 in
601 2077 699 2141 rebus
731 2078 1003 2142 administrandis
1035 2079 1193 2144 fiduciam

77 2174 205 2241 haberet
229 2181 264 2242 in
289 2178 416 2264 aliquot
436 2179 524 2240 viros
547 2178 658 2240 minus
682 2175 800 2258 dignos
822 2186 854 2238 et
877 2179 1023 2240 maxime
1047 2178 1081 2240 in
1097 2178 1193 2241 Nico·

76 2271 159 2338 laum
184 2276 322 2355 Coscia,
348 2297 446 2361 quem
471 2297 514 2337 ex
536 2274 728 2337 Benevento
754 2295 866 2336 secum
890 2274 1029 2337 Romam
1053 2275 1195 2338 adduxit

77 2369 351 2459 Cardinalemque
376 2374 510 2436 creavit.
549 2374 581 2434 Is
606 2393 702 2448 vero,
734 2373 786 2434 vir
809 2394 930 2435 avarus
954 2381 986 2435 et
1009 2372 1193 2458 hypocrita,

77 2469 108 2532 in
130 2474 336 2555 negotiorum
367 2472 654 2535 administratione
677 2470 849 2533 Pontificis
879 2470 992 2534 favore
1017 2481 1049 2533 et
1071 2471 1195 2534 fiducia

74 2571 204 2634 omnino
229 2568 354 2633 abusus
379 2580 437 2634 est.
477 2571 507 2632 A
532 2568 702 2632 Clemente
719 2568 789 2631 XII
811 2570 847 2630 in
865 2569 1032 2653 judicium
1056 2581 1194 2633 vocatus

75 2665 311 2731 condemnatus
335 2667 414 2750 fuit,
439 2676 476 2730 ut
500 2689 559 2751 per
586 2675 658 2728 octo
683 2687 788 2728 annos
819 2665 968 2729 custodia
994 2667 1196 2731 detineretur

78 2763 108 2825 in
131 2765 265 2829 castello
287 2789 311 2830 s.
329 2765 460 2850 Angeli,
486 2773 518 2826 et
542 2763 766 2849 quadraginta
790 2763 894 2826 millia
918 2763 1112 2829 ducatorum
1137 2787 1195 2851 pro

75 2865 280 2927 restitutione
305 2863 456 2927 solveret.
503 2862 653 2925 Mortuus
678 2861 940 2925 estBenedicius
955 2862 1041 2925 XIII
1066 2861 1119 2925 die
1137 2864 1197 2926 21⁰

77 2959 248 3025 Februarii
273 2985 302 3027 a.
331 2962 417 3025 1730
441 2982 543 3045 quum
568 2968 653 3022 esset
676 2960 844 3042 octoginta
868 2981 1040 3025 annorum.

162 3059 213 3123 18.
265 3057 406 3124 Clemens
422 3058 491 3121 XII
510 3061 550 3139 (a.
578 3056 819 3137 1730-1740).
835 3093 877 3103 -
902 3056 1079 3121 Successor
1092 3057 1195 3120 Bene·
1206 3079 1364 3119 cremensxn.

74 3153 151 3218 dicti
169 3156 257 3220 XIII
281 3167 355 3241 post
376 3157 524 3241 quinque
547 3154 616 3216 fere
631 3175 770 3235 menses,
795 3155 952 3217 nimirum
969 3155 1022 3217 die
1040 3156 1097 3219 12⁰
1113 3155 1134 3220 J
1138 3155 1195 3218 ulii

73 3250 194 3316 electus
228 3254 293 3317 fuit
316 3253 471 3318 Clemens
494 3251 563 3315 XII
588 3251 799 3315 Florentinus
830 3273 872 3314 ex
902 3250 1021 3316 illustri
1046 3253 1196 3317 Corsino·

77 3372 147 3414 rum
172 3351 310 3424 familia,
336 3359 434 3415 antea
457 3349 642 3434 appellatus
666 3349 867 3412 Laurentius
893 3349 1080 3413 Cardinalis
1104 3351 1197 3435 Epis·

75 3468 175 3532 copus
192 3449 413 3512 Tusculanus.
460 3447 566 3510 Natus
590 3454 660 3510 erat
677 3447 730 3510 die
749 3447 785 3510 7ο
802 3445 928 3532 Aprilis
944 3470 973 3512 a.
993 3448 1079 3512 1652
1103 3448 1197 3512 adeo·

76 3566 137 3628 que
156 3548 230 3631 jam
256 3547 465 3631 septuaginta
490 3557 522 3607 et
545 3554 617 3607 octo
642 3566 746 3608 annos
769 3544 929 3626 habebat,
955 3547 1087 3630 quando
1113 3568 1197 3610 sum·

74 3663 162 3708 mam
193 3646 390 3729 dignitatem
415 3643 555 3727 adeptus
579 3652 637 3706 est.
684 3643 808 3726 Magna
837 3653 950 3706 tamen
975 3665 1050 3706 cum
1081 3644 1198 3708 sollici·

74 3740 189 3805 tudine
223 3742 452 3827 pontificatum
481 3741 597 3824 gessit,
632 3739 801 3824 multaque
834 3740 913 3803 fecit
938 3741 1106 3825 praeclara
1139 3764 1197 3827 pro

74 3838 244 3922 religionis
278 3851 309 3903 et
342 3839 514 3904 Ecclesiae
547 3838 697 3904 utilitate.
747 3837 812 3902 Sed
846 3861 884 3902 ea
916 3839 971 3902 hic
1005 3861 1198 3903 enumerare

75 3957 140 3999 non
164 3948 279 4020 vacat,
316 3960 419 4024 quum
444 3937 478 4001 id
510 3938 688 4023 praecipue
713 3937 809 4000 nobis
839 3939 1042 4022 propositum
1068 3939 1126 4019 sit,
1162 3948 1199 4001 ut

75 4037 306 4119 ostendamus,
340 4037 504 4121 quomodo
531 4033 750 4099 Pontificibus
773 4033 837 4098 hoc
860 4045 1007 4120 tempore
1030 4037 1198 4120 principes

77 4142 108 4194 et
139 4134 303 4218 gubernia
337 4137 509 4198 confinuas
543 4135 729 4196 creaverint
766 4132 978 4196 difficultates
1019 4154 1198 4218 eorumque

72 4229 149 4312 jura
174 4233 366 4296 invaserint.
405 4231 445 4295 Id
470 4233 570 4315 igitur
589 4231 688 4293 etiam
705 4229 766 4293 sub
785 4228 953 4294 Clemente
970 4233 1198 4294 continuatum
