3034 4894
320 460 354 511 76
611 460 766 514 XXXVIII.
786 461 826 516 De
845 461 964 516 Concilio
982 463 1149 521 Tridentino.

149 599 476 704 Iggffldeputamus
500 605 663 688 optimum
687 604 766 686 fore,
791 607 818 668 si
843 627 957 670 omnes
980 609 1074 692 pueri
1099 609 1156 694 qui
1181 631 1247 672 non
1273 619 1349 674 sunt
1370 633 1433 695 pro-

197 731 267 768 cons.
319 701 396 764 fessi
421 700 463 765 ab
488 724 600 766 eorum
626 705 834 767 monasteriis
858 703 1105 789 repellerentur.
1131 755 1191 770 ...
1217 707 1434 772 Abasasalias

318 798 430 862 turbat
454 799 671 864 christianum
697 802 856 886 populum
879 804 913 866 in
937 803 1138 883 monialibus,
1168 827 1254 890 quae
1278 817 1355 868 sunt
1377 805 1433 869 sub

318 920 398 960 cura
414 899 568 962 Fratrum
586 898 884 982 Conventualium;
908 901 966 964 ubi
991 905 1024 966 in
1039 901 1204 988 plerisque
1232 906 1434 967 monasteriis

317 995 402 1059 fiunt
440 996 574 1082 publica
612 997 786 1080 sacrilegia
823 1021 898 1062 cum
938 1001 1084 1063 maximo
1116 1002 1242 1063 civium
1274 1001 1432 1067 scandalo.

317 1095 458 1159 Auferat
482 1118 558 1180 ergo
583 1093 749 1176 Sanctitas
772 1095 891 1160 Vestra
922 1118 1053 1160 omnem
1078 1120 1152 1161 eam
1176 1120 1292 1162 curam
1316 1122 1335 1162 a
1359 1097 1433 1163 Con·
1497 1173 1499 1194 ι

318 1193 540 1274 ventualibus,
580 1217 719 1280 eamque
744 1195 799 1258 det
830 1204 888 1258 aut
911 1193 1098 1260 Ordinariis
1137 1206 1194 1260 aut
1233 1197 1307 1261 aliis
1346 1207 1434 1282 prout
1497 1207 1499 1242 ³

318 1291 435 1354 melius
459 1292 636 1357 videbitur.
662 1329 706 1340 —-
729 1292 856 1356 Abusus
885 1315 1025 1376 magnus
1050 1303 1082 1356 et
1105 1297 1312 1378 perniciosus
1336 1307 1384 1358 est
1405 1297 1434 1358 io
1497 1293 1498 1328 ³

316 1392 490 1473 gymnasiis
516 1391 666 1476 publicis,
702 1393 895 1475 praesertim
930 1392 964 1453 in
987 1390 1095 1472 Italia,
1129 1393 1168 1455 in
1200 1392 1323 1479 quibus
1348 1392 1433 1455 multi
1497 1399 1500 1480 l

317 1487 547 1572 philosophiae
570 1488 770 1573 professores
793 1489 997 1574 impietatem
1015 1490 1145 1554 docent.
1170 1490 1242 1554 lmc
1259 1492 1294 1553 in
1311 1488 1434 1574 templis
1498 1527 1500 1540 .

317 1585 401 1649 liunt
436 1587 676 1671 disputationes
711 1587 940 1672 impiissImae,
981 1597 1013 1650 et
1052 1590 1079 1650 si
1116 1610 1200 1672 quae
1240 1600 1318 1652 sunt
1356 1589 1433 1672 piae,
1498 1577 1501 1636 i

317 1693 501 1748 tractantur
529 1687 563 1748 in
595 1686 642 1748 eis
670 1707 721 1748 res
746 1684 882 1747 divinae
910 1706 1022 1748 coram
1046 1683 1167 1770 populo
1192 1685 1293 1750 valde
1323 1687 1433 1749 irreve·
1500 1699 1501 1732 ³

316 1788 457 1850 renter.“
499 1783 635 1850 Manent
659 1793 694 1847 ut
710 1785 873 1864 obvietur,
898 1783 1084 1848 sollicitudo
1110 1784 1275 1848 habeatur
1299 1783 1433 1847 inlibris

317 1882 557 1966 imprimendis,
592 1892 624 1945 et
654 1881 894 1968 prohibeantur
923 1905 981 1967 pro
1014 1884 1231 1947 instructione
1264 1902 1434 1966 puerorum

316 1979 470 2044 adhiberi
495 1972 667 2066 Collbquia
690 1981 831 2062 Erasmi,
874 1982 929 2064 ,in
954 1980 1075 2066 quibus
1100 1980 1203 2044 multa
1231 1991 1320 2058 sunt,
1360 2001 1434 2064 quae
1499 2009 1500 2030 r

317 2079 417 2142 rades
441 2080 570 2142 animos
593 2079 775 2144 informant
797 2079 840 2144 ad
865 2081 1101 2164 impietatem.“

406 2178 458 2242 20.
506 2176 621 2261 Agunt
654 2177 731 2242 dein
770 2178 808 2241 de
841 2177 990 2241 abusibus
1019 2179 1052 2241 in
1082 2175 1291 2239 concedendis
1315 2175 1432 2259 pretiis.

316 2274 451 2355 Volunt,
488 2284 525 2337 ut
555 2277 703 2338 severius
739 2285 858 2358 agatur
896 2276 931 2337 in
965 2274 1138 2338 Fratribus
1178 2296 1235 2336 seu
1267 2272 1435 2357 Religiosis

316 2374 486 2458 apostatis,
511 2375 568 2457 qui
590 2383 663 2458 post
679 2383 794 2438 votum
811 2373 957 2438 solemne
973 2396 993 2437 a
1008 2396 1067 2438 sua
1082 2371 1255 2456 Religione
1271 2371 1434 2448 recedunt,

317 2474 571 2556 impetrantqae,
611 2493 652 2534 ne
688 2463 863 2536 teneantur
895 2493 1008 2556 gerere
1042 2471 1195 2535 habitum
1228 2471 1280 2533 sui
1306 2469 1434 2546 ordinis,

316 2572 382 2634 imo
407 2591 468 2633 nec
493 2571 670 2653 vestigium
695 2569 838 2652 habitus,
872 2570 930 2634 sed
953 2580 1083 2633 tantum
1109 2578 1235 2631 vestem
1268 2566 1435 2630 honestam

317 2666 514 2747 clericalem,
540 2677 641 2753 utque
665 2689 730 2732 non
755 2670 966 2753 permittatur
989 2669 1069 2753 ipsis
1086 2665 1388 2731 haberebeneficia
1409 2673 1436 2726 et

316 2765 629 2830 administrationes.
656 2803 698 2812 —
725 2765 841 2850 ,Alius
874 2766 997 2830 abusus
1028 2768 1063 2828 ia
1086 2765 1301 2850 quaestuariis
1338 2764 1435 2827 sancti

317 2861 469 2946 Spiritus,
510 2866 615 2927 sancti
641 2864 779 2928 Antonii
814 2864 964 2951 aliusque
994 2867 1135 2950 generis,
1176 2864 1233 2949 qui
1271 2863 1435 2947 decipiunt

316 2962 456 3024 rusticos
494 2970 526 3024 et
564 2962 731 3046 simplices
769 2985 890 3048 eosque
930 2964 1113 3026 innumeris
1151 2959 1434 3046 superstitionibus

318 3058 508 3141 implicant,
532 3059 694 3124 tollendos
719 3061 778 3124 hos
795 3063 1022 3146 quaestuarios
1036 3081 1222 3124 censemus.
1250 3096 1293 3105 -
1319 3058 1435 3121 Abatos

317 3156 403 3219 adias
439 3158 474 3219 in
514 3157 750 3244 dispensatione
780 3182 848 3222 cam
871 3162 1038 3232 constituto
1076 3161 1110 3221 in
1142 3158 1243 3220 sacris
1266 3157 1434 3230 ordinibus,

316 3268 354 3316 ut
376 3257 480 3338 possit
502 3278 640 3319 uxorem
664 3256 803 3337 ducere3
836 3257 918 3320 haec
943 3257 1146 3342 dispensatio
1178 3276 1246 3319 non
1275 3265 1362 3318 esset
1385 3251 1435 3314 ulli

317 3352 438 3434 danda,
463 3356 527 3418 nisi
551 3377 610 3440 pro
635 3357 886 3428 conservatione
910 3355 1025 3440 populi
1051 3355 1238 3440 cujuspiam
1253 3352 1309 3416 vel
1323 3353 1433 3437 gentis,

317 3451 374 3514 ubi
400 3461 484 3515 esset
507 3451 643 3536 publica
667 3476 766 3516 causa
790 3456 997 3537 gravissima,
1023 3453 1218 3538 praesertim
1243 3451 1295 3514 his
1320 3462 1433 3534 tempo·
1501 3495 1503 3538 ,

316 3547 418 3628 ribus,
460 3550 494 3612 in
530 3549 651 3635 quibus
686 3560 806 3633 urgent
827 3551 1012 3614 Lutherani
1047 3550 1135 3614 hanc
1167 3571 1236 3614 rem
1262 3547 1431 3612 maxime.“

316 3646 445 3710 Volunt
469 3649 600 3730 pariter,
636 3657 672 3712 nt
701 3651 943 3731 restringantur
973 3649 1229 3735 dispensationes
1248 3669 1311 3732 pro
1334 3644 1432 3708 mabi-
1502 3691 1503 3734 .

316 3745 430 3806 moniis
459 3745 546 3807 inter
569 3748 843 3830 consanguineos.
891 3746 1051 3810 Similiter
1075 3745 1116 3809 de
1139 3745 1214 3809 aliis
1238 3743 1431 3831 quibusdam

315 3843 430 3925 gratiis
468 3851 611 3908 tractant
647 3867 687 3908 ao
722 3845 844 3908 limites
880 3867 959 3908 sane
997 3844 1165 3908 excedunt
1197 3843 1279 3906 dum
1305 3843 1432 3906 dicant:

320 3940 409 4020 „Nec
432 3940 658 4024 indulgentiae
681 3944 760 4006 item
786 3942 916 4006 dandae
940 3953 1058 4026 essent,
1083 3943 1147 4007 nisi
1168 3940 1270 4005 semel
1294 3942 1329 4004 in
1352 3957 1431 4002 anno

316 4041 350 4102 in
375 4059 575 4124 unaquaque
599 4041 779 4123 insignium
804 4042 1010 4106 civitatum.“

406 4136 459 4200 21.
485 4135 604 4214 Quoad
627 4138 788 4202 eeclesiam
804 4141 983 4203 Romanam
1006 4139 1089 4202 haec
1106 4138 1300 4202 advertunt:
1327 4135 1431 4217 „Haec

315 4234 467 4298 Romana
492 4235 611 4298 civitas
634 4246 666 4300 et
690 4236 831 4300 ecclesia
855 4247 959 4300 mater
983 4246 1032 4300 est
1055 4245 1088 4300 et
1110 4237 1268 4319 magistra
1301 4231 1430 4296 aliarum
