2964 4912
301 423 354 480 344
556 426 628 484 XLL
665 426 706 480 De
724 427 916 481 Declaratione
935 427 1007 482 Cleri
1027 427 1169 482 Gallicani.

143 563 269 666 affiggss)
301 591 377 632 cum
409 593 437 635 a.
465 570 551 634 1680
582 592 694 634 mense
718 571 806 634 Maio
839 581 871 634 61
900 572 1003 657 iunio
1028 573 1174 637 Comitia
1206 571 1291 637 Cleri
1323 572 1414 636 habs-

271 655 276 665 ’
298 676 430 748 rentur,
466 669 608 730 ministri
631 670 718 752 regis
742 667 874 733 hortatu
898 691 956 734 suo
982 671 1179 754 effecerunt,
1213 680 1250 734 ut
1277 672 1414 756 episcopi

300 764 343 828 ad
366 785 478 848 regem
501 764 628 829 litteras
650 766 776 849 darent,
802 767 922 852 quibus
947 767 1140 832 fidelitatem
1157 791 1252 833 suam
1275 770 1338 853 ipsi
1353 789 1415 853 pro·

299 861 480 928 fiterentur.
519 862 625 927 Citius
648 873 761 927 tamen
785 864 869 928 hacc
893 886 945 928 res
969 866 1088 929 effecta
1112 875 1170 949 cst,
1196 869 1243 930 ita
1265 865 1415 929 111616111-

300 962 475 1046 episcopus
499 961 696 1026 Parisiensis
727 964 798 1028 sine
822 964 1041 1027 conveniente
1067 961 1304 1027 deliberatione
1326 965 1417 1026 istam

300 1056 473 1142 epistolam
498 1058 676 1124 conficeret
702 1070 734 1126 61
756 1063 914 1146 temporis
937 1065 1030 1125 mora
1054 1084 1118 1126 non
1144 1064 1301 1126 concessa
1325 1063 1417 1124 etiam

299 1155 578 1242 subscriptionem
608 1180 628 1221 6
659 1157 795 1243 reliquis
827 1158 1035 1244 praesulibus
1067 1159 1240 1224 obtineret.
1287 1158 1418 1222 Initium

300 1252 457 1339 epistolae
490 1253 682 1339 hujusmodi
711 1265 775 1320 est:
813 1257 923 1341 „Sirs,
959 1279 1043 1321 nous
1067 1279 1172 1322 avons
1205 1257 1320 1342 appris
1343 1277 1418 1319 avec

299 1375 345 1416 un
370 1356 517 1418 extreme
541 1353 711 1438 deplaisir‚
737 1376 800 1439 quc
817 1363 910 1420 notre
927 1353 1118 1419 Saint-Pere
1141 1354 1172 1419 le
1187 1355 1279 1440 Pape
1303 1377 1323 1416 a
1345 1354 1418 1417 ecrit

300 1473 345 1514 un
360 1451 443 1515 Bref
461 1451 597 1516 bVotre
612 1453 761 1538 Majeste,
786 1475 847 1538 par
870 1451 979 1538 lequel
1003 1474 1069 1516 non
1093 1452 1278 1516 seulement
1302 1451 1326 1514 il
1349 1451 1418 1514 l'ex·

299 1548 393 1613 horte
417 1549 458 1613 de
483 1572 524 1613 ne
548 1572 607 1635 pas
631 1550 800 1635 assujettir
818 1549 1074 1636 quelques-unes
1099 1551 1139 1614 de
1164 1572 1223 1613 nos
1240 1549 1361 1634 eglises
1383 1571 1420 1612 au

301 1647 388 1711 droit
416 1647 458 1711 (16
481 1646 621 1731 Regale,
657 1651 740 1711 mais
764 1669 883 1712 encore
907 1647 953 1711 lui
979 1647 1109 1712 declare
1139 1647 1217 1733 qu'il
1242 1670 1276 1711 66
1301 1648 1420 1711 6611116

301 1745 342 1810 de
366 1747 596 1820 66166161116,
622 1744 734 1809 6111116
757 1746 799 1810 ne'
816 1768 850 1810 se
868 1755 996 1810 soumet
1019 1768 1087 1809 aux
1101 1755 1351 1809 remontrances
1374 1768 1421 1829 pa·

299 1841 453 1906 ternellss
477 1842 555 1927 qu'il
577 1841 625 1906 lui
649 1866 669 1907 a
692 1844 788 1908 faites
813 1853 845 1908 et
868 1845 1031 1907 reiterees
1055 1866 1111 1906 sur
1130 1865 1167 1906 66
1191 1845 1287 1929 sujct.
1336 1843 1420 1907 Nous

299 1962 405 2004 avons
436 1964 509 2025 cru,
544 1941 631 2023 Sine,
667 1941 747 2028 qu’il
776 1944 857 2006 etait
889 1942 931 2006 de
955 1950 1049 2006 notre
1074 1941 1191 2005 devoir
1225 1941 1266 2004 (16
1290 1964 1335 2004 nc
1369 1964 1420 2026 pas

301 2039 423 2124 garder
444 2039 476 2102 16
499 2039 622 2103 silence
647 2040 729 2104 dans
754 2062 819 2104 une
843 2042 996 2104 occasion
1021 2042 1109 2103 aussi
1133 2040 1353 2124 importante,
1385 2040 1419 2102 oi

300 2159 384 2202 nous
409 2138 571 2201 souffrons
595 2160 677 2201 avec
701 2160 766 2202 une
790 2139 887 2223 peine
904 2138 1165 2202 extraordinaire
1190 2159 1254 2222 que
1277 2137 1347 2201 l'on
1365 2159 1420 2200 me-

299 2257 383 2299 nace
406 2233 436 2298 16
460 2235 530 2300 Fils
554 2237 632 2299 aine
656 2244 689 2300 et
710 2235 741 2299 16
765 2247 952 2321 protecteur
976 2236 1017 2300 de
1040 2234 1193 2318 l’Eglise,
1231 2257 1363 2299 comme
1385 2257 1419 2298 on

298 2333 331 2396 la
355 2333 416 2397 fait
439 2356 481 2398 en
506 2333 1049 2399 (16111166611666616116666111616
1072 2333 1273 2398 166Ρ1111666
1299 2335 1357 2418 qui
1373 2341 1420 2396 ont

300 2433 425 2516 usurpe
454 2453 504 2494 ses
528 2431 672 2514 droits.¹)
720 2432 912 2519 Sequuntur
940 2433 1017 2497 dein
1042 2431 1146 2495 multa
1169 2432 1205 2493 in
1227 2431 1420 2495 Pontificem

300 2531 411 2593 minus
444 2528 607 2593 benevola
640 2540 672 2594 61
703 2532 891 2595 reverentia
925 2539 957 2594 61
988 2528 1209 2594 submissione
1241 2529 1276 2592 in
1302 2529 1420 2612 Regem

299 2626 409 2712 plena.

389 2744 442 2808 34.
482 2742 594 2807 Altero
633 2742 710 2806 dein
743 2765 831 2807 anno
868 2743 951 2808 1681
987 2743 1162 2806 convocati
1202 2750 1281 2806 sunt
1315 2762 1419 2805 mense

299 2840 419 2904 Martio
454 2843 601 2926 episcopi
625 2840 763 2904 Parisiis
796 2841 850 2904 vel
882 2842 916 2904 in
941 2839 1017 2904 aula
1052 2839 1209 2923 degentes
1242 2841 1278 2902 in
1304 2839 1419 2902 archie-

299 2939 426 3023 piscopi
450 2939 647 3003 Parisiensis
671 2939 786 3020 aedes,
821 2939 879 3002 ubi
904 2960 1041 3004 numero
1067 2937 1307 3022 quadraginta,
1339 2957 1418 3022 prae-

300 3036 371 3100 side
403 3037 519 3101 eodem
542 3037 689 3101 antistite
720 3036 761 3100 dc
786 3035 930 3120 Harlay‚
968 3035 1174 3100 consedere..
1205 3032 1362 3098 Relatum
1383 3030 1418 3095 ad

301 3155 356 3197 eos
380 3143 428 3196 est
452 3133 493 3196 ds
511 3135 611 3198 variis
636 3136 871 3199 controversiis
895 3137 980 3199 inter
1005 3155 1087 3218 quas
1103 3133 1249 3218 primum
1274 3131 1341 3196 sibi
1357 3132 1418 3192 vin-

300 3231 455 3302 dicarunt
484 3231 593 3296 locum
617 3231 755 3317 Regalis
786 3241 819 3295 61
840 3233 964 3296 Brevia
987 3232 1051 3296 hac
1075 3252 1173 3316 super
1196 3251 1232 3293 16
1263 3229 1307 3294 ab
1332 3230 1418 3293 Inno-

301 3331 409 3394 centio
433 3329 485 3393 XI
509 3329 551 3393 ad
575 3329 788 3394 Ludovioum
821 3330 908 3394 data.
955 3329 1033 3394 Alia
1064 3329 1337 3392 criminationum
1362 3347 1417 3389 ma·

300 3429 383 3492 teria
406 3428 510 3512 petita
533 3437 582 3492 est
613 3451 654 3492 ex
678 3428 795 3492 litteris
818 3428 1007 3492 innocentii
1036 3449 1134 3512 super
1157 3426 1292 3508 negotio
1317 3445 1416 3488 mone·

300 3527 390 3590 sterii
408 3524 616 3608 Caronensis,
641 3525 762 3611 quibus
786 3525 1028 3611 archiepiscopi
1043 3523 1245 3588 Parisiensis
1265 3522 1344 3608 jura
1359 3523 1417 3582 vio·

300 3625 366 3689 lata
390 3645 460 3688 esse
476 3623 708 3706 causabantur,
734 3624 829 3710 quasi
844 3623 1001 3687 Pontifex
1020 3621 1273 3707 archiepiscopo
1290 3620 1415 3683 minime

301 3723 414 3787 audito
439 3743 517 3786 rem,
537 3722 690 3785 decidere
714 3744 781 3785 non
811 3720 987 3785 debuisset
1036 3719 1201 3783 Eamdem
1227 3719 1414 3782 sententiam

300 3819 404 3883 tulere
438 3819 478 3883 de
511 3817 585 3883 aliis
616 3818 752 3901 litteris,
787 3841 869 3904 quas
893 3818 1108 3882 Innocentius
1142 3818 1177 3878 in
1202 3814 1414 3880 controversia

212 3930 214 3934 ’
301 3917 498 4001 Α66111161161
531 3917 572 3981 (16
606 3916 731 4002 regalia
763 3927 877 3980 contra
911 3915 1200 4000 archiepiscopum
1225 3912 1413 3977 Tolosanum

376 4181 397 4252 1)
417 4181 450 4236 V.
470 4180 598 4235 Collectio
618 4181 746 4236 Lacessis
764 4181 794 4234 T.
814 4180 836 4236 1.
856 4196 881 4247 p.
901 4180 961 4233 819.
