2964 4912
308 435 362 505 368
565 452 636 507 XLr.
674 453 714 506 De
733 453 923 510 Declaratione
943 455 1014 510 Cleri
1034 455 1176 514 Gallicani.
1475 500 1476 560 q

151 595 280 644 N08⁰fl⁸²¹⁰
306 596 469 681 ejusmodi
502 605 578 660 actu
611 595 779 662 decretum
811 597 946 683 aliquod
978 599 1162 664 doctrinale
1194 601 1319 666 editum
1350 614 1426 684 erat,
1475 567 1476 644 i

146 658 287 763 ceddrdliil]
307 694 396 780 quod
428 696 527 758 etiam
558 693 632 758 aliis
657 716 773 760 norma
805 707 898 765 esset.
947 697 1134 762 studebant
1163 697 1251 764 Galli
1284 721 1317 762 se
1348 704 1426 765 tueri

307 794 534 878 responsione,
571 792 697 858 nullam
737 797 770 858 in
811 794 962 858 Comitiis
1005 796 1194 862 decisionem
1231 797 1340 862 locum
1378 797 1428 862 ha-

308 890 419 955 buisse
452 913 513 954 nec
546 890 681 978 aliquod
715 892 871 956 decretam
895 893 1066 958 conditum
1092 917 1178 977 esse,
1214 895 1272 960 sed
1304 907 1428 960 tantum

308 988 431 1052 factam
462 1011 533 1053 esse
563 989 811 1054 declarationem
843 993 1025 1056 sententiae
1057 1014 1157 1077 quam
1189 994 1355 1079 praesules
1387 994 1429 1058 illi

308 1085 476 1152 tenebant.
525 1086 571 1151 At
595 1108 672 1152 vero
698 1087 777 1152 huic
801 1087 1032 1173 explicationi,
1065 1112 1131 1175 qua
1155 1093 1315 1175 effugium
1340 1115 1431 1178 quae-

309 1185 445 1265 rebant,
480 1184 658 1250 obstabant
690 1185 796 1270 plura.
845 1187 881 1250 1ο
909 1188 949 1250 In
981 1187 1215 1253 Declaratione
1245 1188 1432 1254 dicebatur:
1476 1273 1477 1276 Ἴ

313 1284 400 1365 „Nos
423 1283 666 1370 archiepiscopi
691 1294 723 1347 et
747 1285 894 1369 episcopi
911 1285 1048 1348 Parisiis
1068 1286 1224 1351 mandato
1249 1289 1339 1372 regio
1363 1311 1432 1352 con·
1476 1285 1477 1288 '

309 1383 453 1466 gregati,
493 1379 668 1445 Ecclesiam
707 1379 913 1446 Gallicanam
947 1395 1224 1468 repraesentantes
1353 1385 1433 1450 haec

310 1481 484 1545 sancienda
507 1491 536 1543 et
559 1478 757 1544 declaranda
788 1503 858 1544 esse
883 1481 1051 1548 duximus.
1179 1481 1275 1562 Quae
1299 1494 1434 1568 accepta

310 1602 330 1642 a
353 1577 504 1664 patribus
532 1578 574 1643 ad
599 1600 714 1642 omnes
738 1577 895 1642 ecclesias
918 1577 1109 1644 Gallicanas
1137 1590 1237 1666 atque
1262 1584 1434 1666 episcopos

311 1678 351 1742 iis
375 1676 501 1762 Spiritu
526 1674 646 1740 Sancto
671 1686 805 1740 auctore
828 1677 1072 1762 praesidentes,
1101 1678 1266 1744 mittenda
1291 1680 1435 1744 decrevi·

311 1797 401 1858 mus,
438 1784 474 1838 ut
504 1775 538 1838 id
562 1776 672 1859 ipsum
703 1775 854 1838 dicamus
884 1796 1015 1856 omnes,
1053 1777 1222 1861 simusque
1254 1780 1289 1842 in
1321 1779 1435 1842 eodem
1477 1795 1478 1844 1

285 1872 411 1938 vsensu
441 1881 473 1936 et
502 1874 536 1936 in
560 1872 676 1936 eadem
701 1873 895 1938 sententia.“
944 1873 1043 1936 2⁰11]
1070 1872 1208 1957 epistola
1237 1874 1375 1940 adnexa
1398 1875 1435 1939 ad

312 1973 485 2057 episcopos
509 1970 635 2034 dir'ecta
659 1969 860 2034 habebatur:
890 1968 1030 2056 „Sicque
1052 1973 1185 2035 eveniet
1209 1982 1254 2054 ut,
1281 1975 1435 2059 quemad-

313 2069 449 2132 modum
479 2069 648 2132 llomanae
680 2067 807 2152 Synodi
830 2069 967 2132 Petrum
1001 2071 1218 2133 consensione
1250 2070 1434 2136 Constanti-

312 2166 505 2252 nopolitana
528 2166 725 2230 universalis
756 2175 789 2229 et
812 2168 1026 2230 oecumenica
1050 2164 1205 2250 Synodus
1235 2169 1357 2232 effecta
1383 2181 1434 2245 est,
1478 2171 1479 2180 ’

313 2267 359 2328 ita
392 2273 425 2328 et
457 2265 625 2328 communi
658 2265 808 2328 omnium
838 2274 988 2328 nostrum
1022 2266 1185 2329 sententia
1218 2276 1332 2330 noster
1367 2289 1434 2330 con-

313 2385 421 2428 sessus
452 2363 511 2426 fiat
533 2361 700 2426 nationale
731 2364 831 2426 totius
859 2364 953 2446 regni
978 2361 1182 2443 Concilium3
1219 2373 1252 2426 et
1281 2385 1369 2450 quos
1399 2364 1434 2428 ad

314 2483 374 2525 vos
399 2461 560 2524 mittimus
585 2461 754 2526 doctrinae
770 2470 902 2525 nostrae
922 2459 1062 2542 articuli,
1087 2459 1242 2525 fidelibus
1265 2462 1437 2526 venerandi

315 2569 348 2624 et
370 2581 542 2645 nunquam
558 2559 796 2622 intermorituri
811 2557 980 2623 Ecclesiae
996 2556 1190 2624 Gallicanae
1213 2582 1352 2623 canones
1368 2583 1435 2624 eva·

315 2658 426 2723 dant.“
476 2657 514 2721 3⁰
536 2658 712 2721 Praeterea
744 2658 912 2721 communi
945 2657 1089 2741 quodam
1123 2677 1286 2720 consensu
1318 2657 1386 2722 hac
1409 2660 1435 2720 in
1479 2713 1480 2730 ,

313 2779 349 2820 re
379 2755 547 2841 praesules
578 2777 654 2819 cum
685 2776 761 2838 rege
793 2763 1037 2839 processerant,
1073 2764 1110 2816 ut
1138 2757 1209 2839 regi
1241 2753 1434 2841 obsequium

314 2862 535 2939 praestarent,
568 2862 667 2938 atque
691 2875 710 2916 a
732 2873 810 2935 rege
834 2854 1039 2916 sanctionem
1063 2841 1313 2934 Declaratiapiis
1341 2856 1435 2939 petie·

313 2961 398 3017 rant.
446 2950 530 3015 Aliis
555 2972 632 3014 vero
656 2950 752 3014 factis
781 2948 932 3035 patebat,
968 2958 1043 3034 post
1067 2949 1224 3014 Edictum
1252 2953 1343 3034 regis
1370 2953 1434 3037 jam

313 3048 582 3114 Declarationem
606 3050 675 3112 vim
701 3047 823 3112 habere
848 3046 989 3128 decreti,
1023 3056 1055 3112 et
1079 3047 1247 3111 doctrinas
1272 3052 1435 3135 oppositas

312 3170 380 3211 non
405 3169 475 3211 esse
497 3147 629 3211 liberas.
655 3184 697 3194 -
731 3147 821 3210 Hinc
845 3145 1034 3210 Declaratio
1059 3167 1103 3210 ex
1125 3146 1233 3210 indole
1258 3169 1320 3210 aaa
1343 3157 1376 3211 et
1398 3169 1435 3210 ex

313 3247 475 3335 adjunctis
497 3268 601 3308 rernm
625 3245 753 3309 intenta
774 3254 806 3307 et
820 3245 987 3329 proposita
1002 3253 1072 3306 erat
1096 3252 1132 3307 ut
1149 3244 1321 3329 quoddam
1338 3245 1434 3308 decre·

313 3355 378 3408 tarn
402 3342 578 3407 doctrinale
602 3363 661 3428 pro
685 3364 786 3426 regno
811 3339 958 3424 Galliae,
991 3342 1044 3404 cui
1069 3362 1183 3405 omnes
1207 3341 1433 3406 adhaererent.

313 3442 471 3506 Attamen
496 3463 598 3527 quum
620 3463 687 3505 vox
711 3441 827 3504 decreti
849 3461 916 3504 non
940 3450 1126 3504 occurreret
1149 3450 1250 3525 atque
1268 3441 1432 3505 decretum

302 3539 387 3622 fidei
409 3538 576 3623 praesules
599 3560 715 3603 revera
739 3538 901 3602 conficere
925 3560 989 3602 non
1007 3546 1234 3618 attentassent,
1259 3543 1432 3604 auctoritas

312 3658 391 3702 vero
416 3635 634 3700 Comitiorum
667 3635 824 3721 valorque
848 3636 1093 3702 Declarationis
1122 3637 1155 3699 in
1180 3657 1269 3720 vaga
1293 3637 1430 3722 quadam

312 3735 541 3798 aestimatione
552 3736 659 3819 posita
669 3746 787 3816 essent,
802 3734 940 3798 aderant
950 3733 1114 3820 quaedam
1126 3743 1306 3817 momenta,
1317 3734 1430 3820 quibus

312 3832 528 3896 ecclesiastici
553 3832 600 3895 illi
626 3831 712 3897 Galli
738 3832 933 3915 utebantur,
959 3843 996 3896 ut
1019 3831 1134 3896 subtili
1158 3834 1206 3896 rei
1230 3834 1428 3918 expositione

312 3930 566 4012 contenderent,
602 3929 687 3995 nihil
710 3953 744 3994 se
768 3928 912 3994 voluisse
936 3931 971 3994 in
996 3930 1060 3995 illis
1085 3928 1237 3994 Comitiis
1262 3931 1427 3994 decernere.

401 4028 454 4094 61.
493 4028 644 4092 Tandem
662 4030 818 4092 convenit
839 4029 924 4091 inter
940 4029 1173 4091 Innocentium
1190 4028 1261 4094 XII
1277 4037 1308 4092 et
1324 4049 1425 4112 regem

312 4126 354 4190 de
376 4126 518 4216 formula
542 4148 642 4212 quam
667 4125 860 4210 singillatim
884 4147 943 4210 per
959 4125 1095 4189 modum
1112 4126 1272 4211 epistolae
1295 4125 1427 4212 episcopi

309 4221 364 4288 ita·
395 4224 554 4310 desipnati
587 4229 667 4308 (non
693 4247 769 4288 vero
803 4224 922 4310 reliqui
956 4223 1137 4308 praesules)
1162 4223 1215 4288 vad
1238 4223 1422 4289 Pontificem
