3336 4908
539 489 578 544 De
598 489 670 542 Pecs
692 488 876 544 Clementiae.
1216 489 1268 544 269

157 639 217 694 tum
241 653 281 696 ex
306 633 471 718 episeopis
495 642 632 714 agerent
655 654 731 696 eum
755 633 881 696 Nuntio
911 654 997 696 novo
1021 633 1203 718 Bargellini
1228 633 1269 696 de

157 729 375 813 componenda
404 729 543 814 pacifice
567 733 803 812 controversia,
836 752 1006 815 quumque
1029 733 1099 816 ipse
1123 731 1269 796 Nuntius

155 826 274 890 adhoc
299 826 514 890 vehementer
537 825 722 908 inclinaret,
757 829 858 891 etiam
881 827 1036 892 Pontifex
1060 850 1126 893 non
1150 829 1269 894 abnuit
1294 831 1424 937 {⁰⁸⁰“2‘l0

155 924 410 988 conciliationem
445 934 584 989 tentare.
640 924 703 988 Pro
734 925 951 990 fundamento
990 925 1268 991 reconciliationis
1320 907 1410 947 ‘mm'

153 1024 239 1086 istius
255 1021 381 1086 Nuntio
398 1045 457 1107 per
473 1023 660 1086 ministrum
677 1024 805 1107 regium
818 1023 958 1106 Lyonn'e
974 1026 1162 1109 propositae
1177 1025 1269 1089 fuere

153 1120 367 1184 conditiones:
411 1120 446 1184 1⁰
482 1120 522 1184 Ut
553 1121 695 1206 episcopi
733 1132 869 1205 quotuor
899 1145 981 1206 pare
1018 1132 1048 1185 et
1083 1121 1270 1208 simpliciter

145 1217 301 1300 formulae
324 1216 509 1282 Alexandri
538 1217 603 1280 VII
620 1218 862 1296 subscriberent,
894 1219 953 1282 sed
977 1220 1201 1284 eximerentur
1223 1220 1267 1284 ab

151 1317 232 1380 omni
257 1337 366 1400 poena
391 1317 552 1380 canonica
577 1317 616 1378 iis
640 1315 852 1400 imponenda.
901 1317 939 1379 2⁰
968 1317 1013 1382 Ut
1044 1319 1135 1402 pacis
1159 1319 1269 1383 condi·

149 1416 247 1476 tiones
281 1415 414 1497 scriptis
446 1434 513 1476 non
537 1412 784 1478 mandarentur.
832 1415 870 1477 3⁰
894 1414 939 1479 Ut
962 1415 1111 1480 desuitae
1144 1416 1268 1481 nullam

150 1521 267 1594 partem
295 1513 330 1573 in
355 1510 418 1574 boe
442 1511 573 1592 negotio
599 1511 828 1576 concludendo
853 1511 1023 1578 baberent.
1060 1513 1098 1575 4⁰
1122 1513 1168 1578 Ut
1192 1537 1269 1599 qua-

149 1617 216 1671 tuor
239 1610 387 1694 episcopi
419 1629 487 1671 non
511 1607 725 1690 adigerentur
748 1609 790 1672 ad
815 1611 1021 1674 revocandas
1044 1610 1169 1675 litteras
1194 1634 1269 1676 suas

149 1707 331 1790 pastorales.
340 1707 362 1785 ¹)
408 1705 624 1770 Mediationis
648 1710 818 1791 negotium
842 1717 923 1771 tune
947 1731 989 1772 ex
1013 1709 1169 1772 mandato
1185 1709 1268 1774 Pon-

149 1804 240 1868 tificis
255 1806 421 1890 imprimis
439 1805 650 1868 commissum
667 1805 731 1868 fuit
746 1805 862 1869 Estreo
881 1807 1035 1890 episeopo
1053 1805 1269 1872 Laudunensi

149 1911 254 1984 postea
297 1901 486 1983 Cardinsli,
529 1904 583 1965 cui
623 1905 748 1987 petenti
784 1904 894 1988 juncti
930 1915 1006 1968 sunt
1041 1904 1083 1967 de
1116 1903 1268 1969 Goudrin

149 2000 414 2086 archiepiscopus
437 1998 593 2064 Senensis
617 2011 650 2064 et
673 2001 789 2064 Vialar
812 2002 986 2086 episcopus
1005 2000 1267 2086 Catalaunensis,

148 2099 197 2181 qui
222 2110 319 2162 erant
342 2121 384 2162 ex
409 2098 639 2162 novemdecim
665 2100 829 2184 episcopis
854 2102 1119 2164 commemoratis
1148 2109 1180 2162 et
1203 2100 1268 2164 fac·

148 2196 223 2259 tioni
246 2196 492 2262 Jansenisticae
516 2197 655 2280 accepti.

229 2313 284 2376 59.
323 2311 405 2374 Tres
429 2312 570 2396 episcopi
592 2311 781 2374 mediatores
805 2313 906 2396 igitur
929 2303 1003 2376 rem'
1024 2312 1267 2397 disposuerunt,

148 2409 199 2472 sed
222 2412 331 2474 nimia
353 2408 498 2493 quadam
522 2419 592 2473 arte
608 2409 831 2494 diplomatica.
865 2407 1025 2474 Confecta
1039 2411 1102 2474 fuit
1118 2411 1266 2496 epistola,

147 2527 205 2589 qua
229 2516 375 2592 quatuor
391 2509 536 2593 episcopi
554 2509 703 2572 Romano
720 2508 874 2573 Pontifici
900 2531 992 2572 suam
1013 2511 1176 2575 sinceram
1194 2512 1266 2575 sub-

145 2606 332 2668 missionem
358 2613 565 2688 testarentur,
591 2617 623 2669 et
647 2605 737 2691 apud
762 2608 850 2691 ipsos
874 2617 986 2670 actum
1011 2617 1068 2689 est,
1094 2618 1130 2672 ut
1146 2630 1266 2672 novam

144 2702 268 2766 sclero
294 2700 574 2788 subscriptionem
598 2703 768 2784 formulae,
794 2703 885 2768 nulla
908 2707 1116 2769 restrictione
1141 2706 1265 2785 addita,

144 2800 172 2862 in
203 2801 333 2885 synodo
373 2801 569 2866 dioecesana
600 2812 826 2886 procurarent.
872 2801 923 2866 Ita
957 2805 1029 2888 ipso
1062 2803 1164 2885 facto,
1195 2805 1266 2866 sine

141 2895 284 2962 laesione
309 2897 453 2981 honoris,
478 2921 592 2963 eorum
612 2899 737 2964 litteras
754 2899 935 2984 pastorales
951 2902 1076 2986 priores
1090 2923 1149 2987 pro
1166 2902 1267 2965 irritis

142 2993 253 3060 haberi
292 3005 326 3059 et
363 2999 476 3060 omnia
515 2998 678 3080 componi.
734 2999 979 3062 Insinuationes
1018 3008 1130 3062 autem
1168 2997 1267 3062 simul

142 3095 305 3178 quaedam
337 3095 384 3158 eis
414 3093 550 3172 fiebant,
583 3093 742 3158 videlicet
765 3093 930 3158 verbatim
954 3097 1008 3159 vel
1032 3098 1066 3159 in
1092 3098 1175 3160 actis
1199 3118 1266 3161 uon

140 3190 352 3274 publicandis
376 3193 475 3276 ipsos,
500 3193 528 3254 si
553 3193 756 3255 conscientia
780 3191 815 3255 id
839 3192 922 3256 forte
946 3195 1137 3279 requireret,
1172 3215 1266 3279 posse

141 3292 343 3353 mentionem
377 3290 486 3354 facere
522 3289 744 3353 distinctionis
776 3292 861 3354 inter
888 3290 945 3375 jus
973 3301 1006 3354 et
1035 3292 1174 3373 factum,
1207 3292 1266 3356 sed

140 3385 316 3451 formulam
339 3408 411 3451 esse
436 3387 630 3472 simpliciter
653 3387 971 3468 subscribendam.²)
1055 3407 1059 3417 ·

142 3573 355 3582 -——.—-

213 3696 231 3754 ι)
251 3694 352 3762 Rapis,
370 3696 451 3753 usn.
470 3696 521 3750 111.
541 3713 559 3763 p
585 3697 647 3751 453.

210 3787 231 3852 ²)
251 3783 353 3839 Scribit
371 3785 460 3852 Rapio
478 3785 558 3842 nen
572 3784 624 3842 ΙΙΙ.
643 3801 668 3852 p.
687 3786 750 3847 457,
770 3785 808 3843 st.
822 3785 943 3840 Laurens
957 3784 1169 3857 (negotiatorem
1180 3786 1265 3840 inter·

140 3863 265 3920 mediuml
283 3864 440 3932 exposuisse
459 3864 581 3932 episcopo
593 3865 733 3920 Alectensi
746 3864 871 3918 Pavillon
890 3864 985 3932 „qu’on
1003 3865 1042 3919 lui
1061 3867 1217 3920 demandeit
1234 3882 1266 3920 sa

140 3941 283 4009 signature
301 3959 369 4012 pure
387 3948 417 3997 et
434 3944 537 4011 simple,
556 3961 624 4012 pour
642 3945 701 4000 etre
720 3947 838 4012 envoyee
857 3961 922 3998 sves
940 3945 1007 4000 celle
1026 3947 1071 3999 des
1090 3946 1158 3999 trois
1172 3953 1264 4001 autres

140 4021 240 4085 prelats
259 4023 305 4091 qui
324 4023 430 4078 etaient
448 4025 515 4078 dens
533 4025 561 4078 le
579 4025 664 4080 meme
683 4023 787 4091 affaire,-
805 4040 840 4078 su
853 4040 922 4092 pape
941 4027 988 4091 qui
1007 4026 1034 4077 la
1053 4026 1217 4092 demandait,
1236 4031 1265 4082 et

142 4105 217 4164 qu’en
233 4109 297 4157 tout
309 4119 361 4168 ess,
380 4102 404 4156 si
422 4119 452 4157 sa
465 4104 620 4159 conscience
638 4104 677 4158 lui
696 4104 791 4160 sensit
804 4119 899 4159 encore
917 4105 949 4158 de
967 4105 1086 4173 lapsine
1104 4106 1225 4171 surcela,
1243 4105 1264 4160 il

141 4182 253 4245 pouvait
272 4183 341 4238 lsire
359 4199 396 4238 un
409 4184 607 4250 proces-verbs]
620 4185 722 4238 devant
734 4200 782 4239 son
796 4185 902 4239 notaire
914 4200 981 4253 pour
993 4201 1092 4240 sauver
1103 4186 1130 4239 la
1143 4186 1264 4241 doctrine

143 4258 173 4314 de
200 4262 238 4322 St¹
267 4261 432 4332 Augustin“
463 4293 497 4304 -
528 4262 690 4318 Accuratius
715 4263 994 4330 Beroen-Beroeam,
1025 4265 1059 4323 Η,
1084 4266 1124 4332 Ε.,
1155 4266 1186 4323 L.
1216 4265 1263 4320 78:
