3336 4908
137 1301 503 1423 Dissertatio
544 1303 1050 1450 quadragesima.
1142 1442 1163 1477 ‘-

388 1561 457 1641 Ite
486 1561 783 1643 Jauseuismo.

508 1748 669 1758 .-—-—-.-.

116 1892 145 1955 1.
193 1872 392 1953 discrimina
430 1911 497 1953 non
537 1890 668 1954 modica
705 1889 783 1953 inde
818 1911 838 1954 a
873 1890 982 1954 medio
1018 1890 1148 1955 saeculo

33 1985 297 2071 decimoseptimo
329 1988 478 2050 societati
512 1986 695 2051 catholicae
720 2000 945 2072 provenerunt
968 2010 1011 2052 ex
1034 1989 1149 2054 Janse·

32 2086 122 2148 nismi
148 2084 315 2148 erroribus
340 2106 379 2148 ac
404 2085 584 2149 tendentiis
616 2086 765 2151 funestis.
813 2085 1024 2174 Jansenistae
1048 2089 1148 2169 enim,

32 2184 73 2245 uti
97 2183 256 2262 diximus,
289 2181 447 2266 dogmati,
483 2183 690 2268 disciplinae,
727 2184 955 2248 constitutioni
978 2186 1150 2250 Ecclesiae

30 2277 148 2345 bellum
172 2279 385 2363 indicebant3
421 2302 458 2344 eo
483 2281 609 2367 majora
634 2303 712 2344 vero
736 2280 871 2345 fuerunt
894 2283 1042 2367 pericula
1065 2306 1150 2369 quae

31 2401 66 2442 ex
102 2381 145 2442 iis
168 2378 340 2442 Ecclesiae
384 2388 455 2443 orta
494 2388 586 2460 sunt,
625 2379 714 2465 quod
753 2380 885 2443 sectarii
925 2381 980 2444 isti
1020 2391 1151 2445 conten·

30 2475 148 2558 darent,
189 2477 299 2540 sinum
338 2476 510 2540 Ecclesiae
540 2499 574 2541 se
603 2498 815 2563 nequaquam
855 2475 1052 2562 relinquere,
1093 2478 1151 2542 sed

29 2576 235 2658 purissimam
259 2573 444 2637 doctrinam
470 2573 670 2638 catholicam
694 2596 728 2638 se
744 2576 839 2638 tueri.
865 2575 984 2638 Varias
999 2577 1150 2659 regiones

29 2674 180 2758 temporis
200 2672 341 2736 decursu
357 2671 590 2735 Jansenismus
615 2674 739 2753 infecit,
765 2683 865 2758 atque
889 2674 923 2735 in
940 2675 981 2736 iis
996 2672 1149 2757 religioni

29 2770 221 2856 multiplicia
244 2769 357 2834 intulit
380 2769 513 2836 damna.
560 2771 600 2833 In
625 2770 768 2833 Batavia
799 2770 911 2834 adhuc
935 2780 1046 2835 nostro
1072 2782 1149 2836 tem·

29 2889 98 2952 pore
131 2879 245 2933 coetus
277 2868 508 2933 schismaticus
538 2871 652 2933 existit
676 2869 807 2933 illorum
832 2871 1057 2952 sectariorum,
1092 2871 1150 2955 qui

28 2966 181 3030 ecclesiae
219 2965 474 3054 Ultrajectensis
514 2969 709 3031 ementitum
750 2965 812 3031 sibi
852 2966 971 3030 tribuit
1005 2967 1149 3049 nomen3

28 3077 189 3129 caeterum
222 3066 256 3128 in
288 3066 360 3150 ipsa
394 3066 551 3128 societate
586 3063 750 3128 catholica
774 3065 847 3128 Deo
876 3063 1036 3148 largiente
1061 3087 1151 3129 error

1165 1883 1314 1923 Dissertatio·

1165 1947 1202 1986 nis
1216 1947 1312 1986 indoles.

27 3161 79 3226 iste
108 3164 294 3227 exstinctus
327 3173 385 3227 est.
432 3163 604 3226 Resarcita
635 3173 747 3225 tamen
772 3163 921 3227 nondum
953 3173 1030 3226 sunt
1054 3163 1169 3227 detri··

26 3271 132 3325 menta
156 3269 188 3323 et
212 3259 336 3324 damna
359 3283 444 3347 quae
468 3282 511 3323 ex
535 3260 652 3324 eodem
676 3269 747 3324 orta
778 3271 864 3342 sunt,
898 3261 988 3346 quod
1011 3283 1058 3324 ex
1078 3263 1150 3346 ipsa

26 3355 82 3421 hac
106 3359 337 3423 dissertatione
361 3358 458 3422 facile
484 3357 667 3441 colligetur.
713 3358 798 3421 Eam
816 3360 862 3422 ita
879 3358 1097 3443 dispescimus
1114 3370 1150 3423 ut

25 3463 199 3520 tractemus
222 3458 367 3540 primum
392 3457 430 3520 dc
445 3456 646 3520 Jaascuismt'
670 3457 792 3542 origiue
817 3466 846 3518 ct
862 3478 1045 3543 proyressu,
1071 3456 1150 3521 dein

26 3553 59 3616 de
70 3553 477 3639 condenseatc’oueqaiuquc
497 3555 754 3638 propositionum
767 3553 921 3618 laureati
942 3578 978 3616 ac
995 3555 1033 3617 dc
1051 3579 1149 3640 „pace

28 3647 250 3733 (tattendorff,
291 3651 424 3715 demum
450 3650 489 3713 de
517 3649 746 3715 Constitutione
775 3652 1010 3738 „Uoi9cna'taa“
1050 3676 1087 3716 ao
1111 3653 1149 3716 de

26 3748 184 3811 schismate
212 3748 439 3837 Ultrajcctaua

109 3882 137 3946 2.
170 3881 222 3944 De
237 3881 290 3944 his
314 3879 565 3968 quaestionibus
590 3883 676 3944 inter
700 3881 995 3946 auctoresmultos
1020 3882 1148 3945 consuli

26 3989 175 4060 possunt:
215 3978 253 4044 R.
287 3980 416 4064 Rapin,
457 3979 601 4041 Histoire
634 3979 678 4042 du
710 3979 927 4043 Jaestatsme
944 3979 1058 4065 depuis
1092 4001 1149 4042 sou

27 4078 140 4160 origiue
164 4078 313 4166 jacqu'cu
343 4079 442 4156 1644,
475 4097 622 4159 ouvrage
653 4077 761 4140 inedia
783 4099 866 4140 revu
891 4088 923 4140 et
945 4077 1060 4162 public
1088 4100 1149 4163 par

26 4170 129 4238 l'abbe
153 4175 362 4257 Domenech,
391 4176 485 4238 Paris
512 4174 616 4254 18613
650 4176 819 4238 Memoircc
843 4176 886 4239 ata
912 4176 945 4238 P.
971 4177 1010 4241 R.
1037 4176 1149 4260 Rapio
