2964 4912
290 401 343 454 296
689 403 745 458 XL.
784 404 823 456 De
841 403 1020 460 Jansenismo.

286 544 520 630 jurisdictione
561 546 709 629 privavit
741 548 775 609 in
811 547 1066 629 archidioecesi,
1109 558 1141 613 et
1180 549 1306 614 litteras
1343 551 1408 615 illas

291 642 470 727 pastorales
494 665 523 707 a.
551 642 633 705 1111
659 640 725 726 legi
757 643 944 728 prohibuit,
981 645 1069 730 quod
1095 646 1262 711 doctrinas
1283 649 1359 734 Baji
1382 659 1410 711 et

289 741 444 804 Jansenii
468 741 685 824 continerent,
711 744 864 826 quamvis
889 742 954 807 duo
979 746 1126 829 episcopi
1151 767 1185 809 se
1210 745 1410 824 obtulissent,

291 847 327 901 ut
352 837 611 902 satisfactionem
637 836 807 902 Cardinali
831 851 1045 925 praestarent.

381 935 434 1000 85.
470 934 509 998 In
532 934 584 999 his
598 957 708 999 rerum
730 937 983 1003 difficultatibus
999 940 1194 1004 Ludovicus
1211 941 1299 1004 XIV
1317 942 1413 1005 suasit

292 1033 472 1114 Cardinali,
498 1043 534 1096 ut
558 1034 628 1118 ipse
654 1034 827 1099 damnaret
844 1035 1013 1116 Quesnelli
1038 1059 1155 1123 opera3
1180 1038 1239 1102 sed
1263 1039 1412 1124 quamvis

263 1133 266 1140 '
291 1131 561 1217 archiepiscopus
594 1133 688 1196 initio
713 1132 815 1197 adid
849 1134 1038 1208 inclinaret,
1075 1144 1187 1198 tamen
1212 1137 1312 1220 paulo
1347 1145 1414 1221 post

291 1232 403 1294 animo
428 1238 574 1293 mutatus
599 1240 657 1296 est.
694 1231 866 1295 Petierunt
890 1241 970 1296 tunc
993 1256 1053 1297 rex
1077 1257 1117 1298 ac
1141 1234 1253 1320 plures
1269 1235 1412 1320 episcopi

291 1352 311 1392 a
336 1327 506 1392 Clemente
530 1327 598 1410 XI,
637 1339 671 1392 ut
695 1333 848 1402 examine
872 1329 960 1395 facto
989 1353 1049 1416 per
1073 1330 1354 1396 Constitutionem
1378 1332 1413 1394 de

290 1426 375 1490 libro
400 1427 638 1511 pronuntiaret,
663 1429 710 1491 ita
732 1437 845 1492 tamen
869 1431 964 1492 utin
988 1428 1084 1493 Bulla
1108 1453 1164 1494 eas
1188 1432 1413 1516 expressiones

291 1527 428 1605 vitaret,
463 1546 547 1610 quae
581 1523 865 1595 cleroGallicano
891 1529 1001 1591 minus
1025 1527 1212 1613 placerent,
1249 1530 1300 1591 uti
1337 1550 1364 1593 0,
1387 1547 1411 1608 g.

290 1633 376 1687 motu
387 1623 534 1708 proprio,
553 1622 755 1708 plenitudiue
767 1626 948 1710 potestatis,
974 1647 1038 1710 quo
1055 1625 1188 1690 facilius
1203 1625 1246 1689 ab
1265 1623 1414 1689 omnibus

290 1720 388 1784 Bulla
421 1722 633 1805 reciperetur.
686 1720 762 1807 lpse
797 1721 947 1786 Noallius
983 1721 1164 1787 videbatur
1205 1732 1345 1807 paratus
1377 1720 1413 1784 ad

293 1818 569 1882 Constitutionem
594 1818 845 1901 admittendam,
873 1822 939 1884 imo
965 1822 1064 1884 etiam
1091 1819 1293 1900 Quesnellus
1318 1829 1413 1905 proto·

292 1917 442 1980 stabatur
466 1915 507 1979 de
531 1938 591 1979 sua
607 1915 814 1999 obedientia3
839 1928 978 2004 uterque
1002 1927 1115 1982 tamen
1133 1917 1305 2000 credebat,
1331 1937 1413 1980 num-

292 2037 391 2101 quam
415 2015 574 2094 futurum,
599 2023 636 2076 ut
653 2013 852 2078 Constitutio
876 2015 988 2101 aliqua
1010 2015 1172 2080 ederetur.
1211 2017 1342 2080 Romae
1358 2015 1412 2076 duo

291 2114 520 2196 Jansenistae,
556 2111 607 2175 La
632 2109 798 2194 Chausse,
834 2123 866 2176 et
897 2113 1005 2177 Rollet
1036 2113 1172 2178 Ordinis
1203 2114 1411 2177 Minimorun

292 2210 484 2292 Generalis,
522 2232 641 2274 causae
675 2208 846 2288 Quosnelli
881 2213 1005 2275 servire
1039 2211 1235 2295 studebant,
1273 2213 1411 2294 dumque

292 2309 418 2374 ibidem
452 2311 604 2372 timorem
636 2308 846 2388 excitabant,
882 2332 924 2373 ne
957 2311 992 2373 in
1029 2308 1142 2373 Gallia
1177 2310 1215 2375 R.
1249 2309 1413 2374 Pontificis

294 2407 491 2472 Constitutio
516 2405 755 2487 admitteretur,
780 2406 1029 2492 archiepiscopo
1055 2408 1267 2490 nuntiabant,
1296 2417 1413 2471 tantun

292 2509 326 2570 in
351 2507 496 2591 speciem
521 2503 682 2590 quasdam
699 2505 968 2589 praeparationes
993 2505 1118 2569 Romae
1134 2505 1216 2587 fieri,
1243 2515 1276 2568 et
1293 2504 1413 2570 Bullan

298 2625 470 2690 nunquam
494 2611 669 2666 venturam
693 2625 774 2666 0000.

390 2702 442 2766 86.
466 2686 546 2766 'Sed
583 2699 736 2764 Clemens
764 2700 830 2782 XI,
864 2709 900 2763 ut
933 2699 1084 2763 fallacem
1116 2699 1194 2763 libri
1225 2699 1412 2764 doctrinam.

301 2810 398 2866 antea
428 2801 610 2884 generatim
635 2797 810 2861 dumtaxat
833 2797 1032 2876 indicatam,
1066 2797 1218 2883 pluribus
1242 2820 1289 2862 ex
1313 2819 1351 2861 eo
1374 2796 1413 2858 de·

302 2901 423 2986 cerptis
448 2895 727 2982 propositionibus
751 2896 939 2960 distinctius
956 2895 1148 2980 explicaret,
1172 2918 1243 2960 rem
1261 2895 1414 2960 commisit
1462 2887 1463 2892 ’

301 2997 558 3083 Congregationi
573 3008 575 3013 ’
591 2996 738 3080 quinque
773 2993 1001 3058 Cardinalium
1039 3005 1070 3056 et
1103 3016 1163 3057 sex
1196 2993 1412 3078 theologorum

296 3119 335 3161 ac
354 3091 677 3181 jurisconsultorum.
717 3091 810 3155 Haec
835 3091 896 3155 101
916 3092 1157 3176 propositiones
1182 3090 1412 3170 0111009000-

292 3194 371 3259 nelli
396 3199 589 3277 excerptas,
626 3191 772 3254 maxima
797 3189 971 3273 diligentia
1000 3190 1158 3274 omnique
1183 3189 1297 3253 studio
1321 3209 1360 3252 ac
1378 3185 1412 3247 la·

291 3291 388 3373 bore,
423 3289 534 3354 multis
558 3312 587 3353 a.
615 3289 700 3351 1112
725 3299 758 3351 01
781 3297 939 3373 sequente
963 3286 1089 3351 habitis
1114 3285 1412 3360 consultationibus,

293 3392 461 3455 discussas
496 3397 629 3451 etcum
661 3389 732 3472 ipso
768 3385 843 3449 libri
875 3395 969 3449 textu
994 3387 1255 3450 accuratissime
1292 3383 1412 3449 collatas

290 3487 517 3574 reprobandas
549 3484 610 3550 sub
636 3486 737 3548 variis
767 3484 937 3569 respective
961 3485 1110 3547 censuris
1143 3484 1286 3550 censuit.
1333 3480 1406 3559 Qua·

291 3595 426 3672 propter
450 3583 604 3649 Pontifex
629 3582 683 3646 die
707 3582 746 3646 8ο
769 3580 973 3667 Septembris
997 3603 1026 3646 a.
1046 3580 1131 3644 1713
1156 3578 1266 3659 edidit
1290 3576 1405 3642 Bullan

297 3685 481 3770 Uuipeuitus
505 3682 570 3745 Da·
592 3679 715 3758 Filias,
751 3681 787 3742 in
820 3702 885 3765 qua
917 3679 1158 3764 propositiones
1194 3675 1269 3740 illas
1305 3672 1405 3737 verbo·

291 3793 388 3846 tenus
421 3780 589 3863 alligatas,
626 3781 660 3843 in
683 3777 774 3865 piobo
808 3777 869 3842 sub
903 3779 1006 3842 variis
1038 3777 1226 3860 respective
1264 3771 1405 3843 censuris,

173 3915 179 3929 ·
293 3902 433 3966 quarum
470 3877 586 3942 saltem
619 3876 764 3961 aliquam
795 3875 944 3960 singulae
978 3883 1200 3953 mererentur,
1239 3869 1405 3940 damnavit,

293 3976 420 4041 scilicet
442 3985 612 4061 tamquam
629 3975 814 4058 respective
832 3973 941 4053 falsas,
967 3974 1141 4057 captiosas,
1167 3970 1404 4039 malesonantes,

292 4077 424 4160 piarum
449 4075 578 4138 aurium
605 4073 801 4151 offensivas,
826 4070 1050 4150 scandalosas,
1075 4069 1299 4153 perniciosas,
1322 4075 1403 4129 tene·

294 4174 415 4256 000100,
450 4170 619 4235 Ecclesiae
644 4169 781 4254 ejusque
805 4169 901 4252 praxi
927 4168 1121 4253 injuriosas,
1156 4169 1260 4230 etiam
1284 4167 1314 4228 in
1338 4169 1407 4247 pote·
