3020 4908
708 1676 998 1785 Inden

775 1925 934 1942 VXANXNN

487 2099 751 2164 Dissertatio
775 2099 1004 2180 trigesima
1027 2099 1231 2179 septima.
1364 2187 1383 2226 P

1384 2198 1420 2236 ag.

375 2239 417 2308 De
442 2240 533 2308 initio
557 2256 597 2308 eo
622 2239 661 2307 de
686 2239 919 2325 propagatione
944 2237 1329 2324 pseudoreiorrnetionie.
1358 2343 1364 2354 =
1405 2261 1419 2312 1

321 2382 343 2436 Ι.
362 2381 403 2435 De
421 2379 724 2449 pseudoreformetionis
743 2380 831 2435 initiis
1405 2385 1420 2437 2

306 2469 345 2527 11.
365 2469 405 2524 De
422 2469 619 2538 propagatione
638 2469 860 2524 Protestentismi
915 2509 1326 2526 ......
1387 2473 1420 2526 37

494 2819 759 2884 Dissertatio
782 2819 1013 2900 trigesima
1037 2815 1204 2886 octava.

636 2950 679 3018 Be
704 2949 846 3019 coneilio
870 2951 1069 3020 Tridentino.

319 3091 341 3147 1.
361 3091 402 3145 De
420 3089 628 3158 praeparatione
647 3089 751 3145 Coneili
769 3090 922 3145 Tridentini

307 3179 344 3234 ii.
364 3179 477 3233 Ooneilii
495 3179 651 3234 Tridentini
669 3178 794 3248 periodus
812 3179 899 3247 prime
996 3222 1003 3236 .
1077 3231 1081 3241 ,
1157 3225 1163 3236 .
1240 3233 1244 3242 ,
1324 3229 1329 3240 .

287 3265 341 3324 ΙΙΙ.
361 3267 476 3322 Concilii
494 3267 649 3323 Tridentini
667 3268 792 3336 periodus
811 3269 928 3322 seeundo
997 3309 1328 3330 .....
1367 3275 1420 3327 104

287 3355 339 3414 IV.
359 3355 475 3410 Concilii
494 3356 650 3412 Tridentini
668 3359 794 3425 periodus
813 3358 897 3412 tertio
994 3408 999 3419 ,
1073 3399 1079 3413 .
1154 3402 1159 3411 .
1237 3406 1244 3418 .
1321 3407 1327 3420 .
1368 3365 1419 3416 128

746 3558 959 3566 ψη*-

513 3716 779 3781 Dissertatio
802 3717 1033 3798 trigesima
1054 3737 1183 3784 nona.

331 3847 376 3914 ile
400 3846 490 3915 statu
517 3845 687 3915 [eeieeiee
712 3849 864 3917 vertente
889 3851 1023 3918 eaeouio
1047 3850 1172 3921 decimo
1197 3855 1301 3923 sexto
1345 3871 1417 3938 Ι1511

316 3987 338 4042 1.
358 3987 398 4040 De
416 3986 578 4040 felicissimis
595 3985 738 4055 religionis
757 3991 786 4040 et
804 3988 963 4059 disciplinae
981 3984 1155 4047 incrementis
1173 3999 1237 4063 post
1256 3995 1324 4050 Con·

358 4075 449 4129 cilium
466 4075 657 4130 Tridentinum
748 4117 754 4128 .
828 4109 857 4134 ,ν
908 4117 1321 4144 ......
1360 4085 1409 4138 185

303 4164 341 4221 Π,
359 4165 400 4219 De
418 4164 547 4218 Romanis
565 4164 743 4221 Pontificibus
761 4167 841 4236 hujus
859 4168 960 4222 aetatis
991 4211 1320 4235 ,,,,,
1359 4173 1406 4226 191

283 4251 338 4308 ΙΙΙ.
356 4252 397 4305 De
416 4251 520 4319 eliquot
538 4252 618 4321 hujus
637 4255 737 4309 eetetis
757 4257 948 4311 controversiis
990 4297 1321 4320 .....
1357 4263 1410 4315 204
