3020 4908
306 425 358 480 392
494 425 580 479 XLII.
618 424 658 480 De
676 431 752 479 stetu
771 425 908 479 Ecclesiae
926 439 995 480 saec.
1015 425 1116 479 decimo
1135 432 1241 482 octavo.

307 579 364 634 est.
413 567 559 632 Facilius
593 570 726 654 quidem
769 568 921 654 bonoque
953 590 1108 633 successu
1142 571 1325 654 composita
1356 580 1424 632 sunt

307 666 446 731 dissidia
479 667 643 752 quaedam
677 689 753 731 cum
786 669 981 750 magistratu
1010 668 1233 748 Lucernensi,
1270 669 1327 753 qui
1355 668 1423 753 jura

305 765 423 828 Nuntii
448 765 611 849 pontificii
626 765 821 847 violaverat,
847 765 905 830 sed
922 765 1154 829 molestissima
1178 766 1311 830 fuerunt
1326 764 1424 850 litigia.

306 885 382 926 cum
406 862 480 926 aliis
503 861 675 947 guberniis
700 862 884 946 Sardiniae,
909 863 1094 949 Hispaniae
1118 873 1150 926 et
1174 861 1314 930 Galliae.

395 960 447 1024 20.
496 960 608 1040 Quum
642 962 761 1025 Victor
793 961 963 1026 Amadeus
999 985 1029 1025 a.
1065 961 1151 1025 1730
1183 983 1325 1044 regnum
1359 960 1423 1026 Sar·
1485 975 1486 1008 f

305 1059 416 1122 diniae
441 1060 592 1122 cessisset
615 1058 682 1122 filio
708 1081 765 1123 suo
789 1058 1012 1140 Emmanueli,
1039 1059 1193 1124 Clemens
1216 1059 1287 1124 XII
1310 1059 1354 1122 ad
1377 1081 1426 1122 no-

304 1179 383 1220 vum
408 1178 519 1240 regem
553 1158 644 1222 misit
668 1158 830 1241 legatum,
865 1167 901 1220 ut
924 1158 1063 1220 rescissa
1087 1159 1289 1221 concentione
1312 1180 1422 1221 memo·

303 1264 384 1336 rata,
410 1254 451 1318 de
475 1278 541 1340 qua
557 1257 643 1319 inter
659 1255 828 1319 Victorem
846 1254 1036 1319 Amadeum
1060 1264 1093 1318 et
1107 1255 1330 1319 Benedictum
1347 1256 1425 1318 Xlll

286 1362 523 1443 convenerat,
560 1353 601 1416 de
637 1352 871 1416 constituenda
906 1351 1016 1416 stabili
1053 1353 1231 1416 concordia
1267 1363 1425 1437 ageretur.

303 1452 349 1515 At
370 1448 499 1534 legatus
523 1450 697 1514 Pontificis
721 1451 754 1514 in
780 1448 970 1514 Sardiniam
995 1472 1062 1514 non
1085 1450 1149 1513 fuit
1172 1451 1358 1532 admissus3
1383 1473 1426 1513 eo-

303 1547 444 1633 demque
485 1557 633 1633 tempore
667 1546 787 1612 Orator
820 1550 907 1631 regis
940 1549 1045 1612 Roma
1087 1548 1248 1615 discessit.
1296 1550 1338 1612 In
1370 1549 1428 1612 hoc

302 1648 434 1729 negotio
468 1645 624 1710 Clemens
648 1646 718 1710 XII
742 1646 973 1710 Cardinalium
1008 1648 1206 1710 sententiam
1239 1647 1424 1731 postulavit,

302 1747 356 1831 qui
383 1766 497 1808 omnes
522 1745 725 1808 unanimiter
748 1743 1007 1828 responderunt,
1034 1745 1216 1828 praefatam
1242 1747 1425 1808 conventio-

302 1865 378 1905 nem
413 1864 479 1906 non
504 1865 574 1906 esse
599 1841 816 1923 servandam,
854 1842 943 1927 quod
967 1852 1125 1906 consueta
1150 1842 1311 1905 solemnia
1336 1844 1370 1904 in
1393 1863 1428 1903 ea

245 1927 248 1935 ¹
301 1940 442 2004 fuissent
466 1941 707 2025 praetermissa,
733 1948 765 2003 et
788 1941 983 2024 praesertim
1008 1939 1097 2024 quod
1121 1941 1291 2003 nonsatis
1316 1939 1427 2004 edocto

299 2037 482 2101 Benedicto
500 2037 592 2100 XIII
616 2059 798 2122 paucorum
822 2048 951 2100 tantum
975 2036 1111 2101 arbitrio
1136 2037 1253 2100 fuisset
1269 2038 1424 2101 confecta.

302 2134 432 2214 Quibus
455 2137 644 2221 perpensis,
671 2133 823 2198 Clemens
845 2135 913 2198 XII
938 2137 1193 2198 conventionem
1219 2134 1312 2198 illam
1337 2137 1425 2199 resci-

300 2234 365 2316 dit3
401 2235 696 2318 propensissimum
730 2243 841 2296 tamen
875 2255 909 2297 se
942 2232 1102 2317 praebuit
1129 2232 1171 2296 ad
1196 2254 1322 2296 novam
1355 2254 1421 2295 cum

298 2352 375 2414 rege
400 2329 574 2394 Sardiniae
604 2330 815 2394 concordiam
850 2331 1075 2396 sanciendam.
1123 2330 1206 2394 Inde
1239 2329 1424 2394 acerbiores

299 2429 373 2492 lites
406 2450 518 2512 regem
554 2431 640 2492 inter
675 2439 706 2492 et
741 2428 936 2492 Pontificem
973 2438 1106 2491 secutae
1141 2438 1226 2491 sunt.
1280 2429 1421 2492 Demum

299 2530 486 2612 interregis
509 2527 654 2610 legatum
671 2538 703 2589 et
719 2527 892 2590 Pontificis
908 2526 1102 2590 Cardinales
1119 2525 1289 2610 delegatos
1303 2526 1423 2590 Romae

300 2626 340 2690 de
366 2626 604 2710 componendis
629 2626 862 2688 controversiis
887 2634 997 2687 actum
1024 2635 1081 2700 est,
1101 2625 1240 2709 jamque
1266 2647 1345 2710 spes
1360 2634 1423 2686 erat

298 2725 368 2788 fore
392 2733 429 2786 ut
453 2723 632 2787 concordia
655 2725 892 2803 restitueretur,
918 2745 1018 2808 quum
1035 2722 1188 2786 Clemens
1202 2722 1274 2784 XII
1299 2744 1318 2784 e
1342 2722 1422 2784 vivis

298 2833 412 2907 raptus
436 2832 492 2887 est.
541 2821 623 2905 Ejus
648 2842 725 2883 vero
757 2842 925 2884 successor
948 2820 1149 2884 Benedictus
1173 2820 1258 2883 XIV
1284 2844 1315 2886 a.
1344 2820 1417 2882 1741

299 2920 519 2984 dissensiones
544 2918 677 2982 sustulit
696 2919 764 3001 regi
782 2918 976 2998 concedens,
1002 2933 1039 2980 ut
1053 2917 1096 2981 ad
1113 2920 1327 3002 episcopatus
1352 2917 1419 2980 alia·

298 3039 361 3102 que
386 3017 548 3080 beneficia
572 3019 661 3079 viros
686 3016 892 3100 designaret,
918 3026 950 3079 et
971 3015 1072 3079 feuda
1095 3016 1266 3100 pontificia
1292 3016 1418 3078 nomine

297 3117 478 3178 vicariatus
502 3114 713 3199 Apostolicae
738 3112 834 3177 Sedis
866 3114 1048 3199 possideret
1081 3135 1120 3177 ea
1144 3114 1354 3195 conditione,
1389 3123 1419 3173 ut

298 3214 474 3297 quotannis
506 3212 548 3275 ad
574 3211 749 3274 Cameram
774 3210 1001 3296 Apostolicam
1034 3212 1179 3274 mitteret
1207 3209 1348 3275 calicem
1370 3231 1418 3272 au·

296 3331 389 3373 reum
414 3309 503 3373 mille
527 3311 636 3372 aureis
660 3308 939 3394 aequivalentem.

385 3409 438 3470 21.
487 3406 625 3470 Carolus
661 3408 815 3491 princeps
849 3429 892 3469 ex
926 3405 1054 3470 familia
1084 3405 1275 3469 Borbonioa
1306 3406 1415 3488 Hispa·

297 3507 371 3568 niae
405 3505 581 3586 oriunduS,
618 3527 646 3568 a.
684 3505 769 3567 1732
804 3503 961 3567 ducatum
995 3505 1135 3568 Parmae
1169 3516 1202 3568 et
1233 3503 1415 3567 Placentiae

296 3605 482 3687 occupavit,
509 3605 626 3687 spretis
638 3601 773 3687 juribus
789 3602 929 3665 Romani
942 3603 1114 3666 Pontificis
1130 3606 1164 3665 in
1182 3603 1271 3666 istud
1286 3600 1412 3666 feudum

296 3698 327 3764 S.
354 3700 459 3764 Sedis,
507 3701 587 3763 Mox
613 3698 750 3762 Carolus
776 3701 875 3762 etiam
900 3699 1073 3785 Neapolim
1098 3710 1130 3763 et
1152 3699 1313 3782 Siciliam,
1338 3718 1413 3784 quae

295 3820 314 3859 a
338 3795 370 3860 S.
395 3796 481 3861 Sede
507 3795 623 3861 Carolo
648 3798 697 3859 VI
728 3799 923 3881 Imperatori
957 3809 994 3860 ut
1026 3798 1211 3862 feudatario
1247 3815 1411 3862 concessae

295 3905 405 3976 erant,
445 3897 668 3980 expugnavit,
709 3905 741 3958 et
775 3918 835 3980 per
869 3917 985 3979 pacem
1016 3895 1237 3959 Vindobonae
1273 3919 1302 3960 a.
1335 3893 1410 3959 1735>

295 3991 485 4056 conclusam
526 3994 560 4055 in
606 3992 670 4056 hac
710 3995 915 4078 possessione
961 3994 1173 4057 confirmatus
1219 4005 1276 4060 est.
1335 3993 1409 4056 dura

295 4091 525 4174 antiquissima
558 4090 594 4154 R.
621 4090 791 4153 Pontificis
825 4091 859 4153 in
893 4093 954 4154 ista
987 4091 1087 4155 feuda
1120 4092 1291 4156 Ecclesiae
1323 4088 1407 4154 flocci

294 4186 543 4271 pendebantur3
569 4211 671 4274 quum
697 4211 774 4252 vero
801 4187 953 4254 Clemens
977 4191 1046 4254 XII
1070 4193 1299 4255 auctoritatem
1324 4206 1405 4253 suam
