3288 4900
471 470 523 524 128
759 466 917 522 XXXVIII.
937 467 977 520 Dc
996 466 1115 520 (16161116
1134 467 1302 525 Tridentino.

472 613 530 678 sed
553 613 712 677 facundia
744 634 844 696 supra
872 610 1062 674 moribundi
1095 611 1331 693 conditionem,
1363 634 1420 676 eos
1452 613 1498 678 ad
1527 635 1594 676 con-

472 711 618 775 cordiam
649 709 837 774 cohortatus
869 717 927 788 661,
958 708 1002 772 ad
1030 707 1223 772 habendum
1254 708 1296 773 de
1320 711 1394 776 Deo
1426 713 1531 774 unice
1553 733 1595 773 ra·

471 812 596 874 tionem
627 810 660 872 in
685 807 836 892 eligendo
862 827 1058 887 successore,
1091 806 1283 891 eisdemque
1316 830 1342 872 s.
1366 809 1596 895 Inquisitionis

471 907 617 971 tribunal
640 904 920 985 commendavit,
964 904 1053 988 quod
1092 903 1146 968 1116
1181 907 1390 989 potissimum
1439 907 1597 970 adversus

472 1006 675 1091 propinquas
691 1003 843 1068 haereses
857 1002 1144 1087 propugnaculum
1162 1003 1327 1068 censebat.
1352 1004 1444 1068 Tum
1463 1005 1596 1086 Quevae

473 1101 653 1183 Gardinali,
683 1103 738 1187 qui
763 1102 899 1186 propius
923 1101 966 1166 ad
991 1122 1066 1164 eum
1091 1111 1283 1183 accesserat,
1317 1101 1455 1166 eosdem
1483 1124 1596 1190 ¹sensus

472 1201 672 1286 permiram
696 1200 800 1263 animi
824 1201 1043 1284 praesentiam
1068 1199 1240 1284 hispanice
1262 1199 1492 1287 recitavit.“¹)

997 1505 1075 1570 1V.

627 1628 804 1692 06661111
826 1625 1064 1692 Tridentini
1084 1626 1285 1705 periodus
1307 1629 1448 1692 161116..

305 1823 466 1865 Μηρ,
568 1787 619 1850 83.
668 1788 750 1849 Post
773 1795 915 1871 quatuor
940 1787 1104 1848 mensium
1129 1786 1262 1849 comitia
1289 1787 1446 1850 Pontifex
1478 1799 1592 1851 creatus

477 1893 526 1948 est
556 1885 705 1950 loannes
728 1883 877 1967 Angelus
903 1881 1090 1946 Cardinalis
1114 1882 1305 1946 Medicaeus
1329 1885 1594 1964 Mediolanensis,

476 1984 717 2065 sexagesimum
745 1991 824 2046 tunc
848 1981 1016 2064 complens
1039 2003 1182 2062 annum3
1211 2003 1332 2044 nomen
1357 1984 1442 2048 1166
1461 1986 1523 2048 IV
1540 1988 1595 2068 ipsc

475 2082 614 2165 accepit.
659 2078 815 2143 Pluribus
846 2079 1039 2144 muneribus
1070 2079 1203 2142 functus
1237 2081 1360 2163 optime
1385 2080 1427 2144 de
1451 2081 1596 2146 Ecclesia

476 2179 612 2244 meritus
636 2187 714 2242 erat.
746 2176 830 2241 Inde
853 2177 896 2240 ab
921 2179 1015 2240 initio
1040 2176 1252 2261 pontificatus
1267 2178 1350 2241 Pius
1369 2176 1596 2244 Cardinalibus

476 2277 668 2352 declaravit,
693 2275 758 2339 sibi
782 2276 815 2338 in
840 2278 950 2339 animo
976 2297 1047 2340 esse
1070 2296 1236 2338 resumere
1262 2273 1450 2340 Concilium
1471 2277 1596 2340 Triden-

474 2378 600 2456 tinum,
625 2382 821 2459 tempusque
840 2384 1065 2458 opportunum
1081 2373 1272 2453 advenerat,
1299 2395 1401 2457 quum
1427 2397 1499 2459 pax
1525 2377 1597 2439 inter

476 2475 645 2560 principes
675 2472 805 2535 firmata
837 2481 932 2536 esset.
980 2472 1093 2536 Etiam
1121 2470 1241 2535 Orator
1265 2471 1477 2536 I'erdinandi
1503 2475 1597 2558 Impe-

476 2573 593 2636 ratoris
629 2571 741 2634 statim
772 2593 791 2634 a
824 2570 984 2634 Pontifice
1021 2568 1164 2634 Concilii
1202 2568 1462 2634 celebrationem
1503 2573 1596 2656 petiit,

478 2679 577 2755 atque
601 2669 636 2731 in
660 2667 715 2732 illa
740 2667 938 2752 postulanda
962 2689 1038 2731 cum
1064 2667 1244 2732 Germania
1268 2665 1358 2730 Galli
1381 2668 1512 2751 pariter
1534 2689 1596 2730 con·

478 2765 659 2853 spirabant,
684 2775 853 2830 eteorum
879 2789 978 2830 causa
1003 2766 1172 2851 conjuncti
1197 2766 1262 2829 situ
1286 2776 1318 2828 61
1342 2764 1511 2829 affinitate
1534 2787 1596 2828 con·

478 2864 667 2931 sentiebant
690 2864 844 2948 Hispani.
892 2864 982 2928 Galli
1007 2864 1165 2928 videlicet
1197 2872 1297 2947 atque
1321 2863 1468 2947 Hispani
1501 2871 1594 2940 antea,

478 2984 582 3049 quum
606 2963 837 3046 conspicerent
860 2985 936 3026 suas
959 2964 1110 3046 regiones
1133 2962 1176 3026 ab
1193 2961 1320 3025 haeresi
1346 2962 1494 3026 mundas
1510 2971 1594 3046 atque

479 3060 646 3147 pacificas,
671 3062 838 3144 segniores
863 3061 898 3124 in
921 3061 1149 3145 promovenda
1173 3057 1308 3144 Synodo
1334 3060 1477 3125 fuerant.
1511 3061 1593 3124 Nunc

478 3179 557 3222 vero
590 3159 624 3220 iu
655 3159 760 3242 ipsam
793 3157 1048 3242 flagrantissime
1077 3157 1268 3237 ferebantur
1298 3155 1402 3238 Galli,
1434 3167 1591 3243 tamqnam

479 3255 664 3321 remedium
688 3256 848 3338 gravibus
873 3255 1006 3337 morbis,
1032 3255 1153 3342 quibus
1168 3254 1394 3318 invalescente
1409 3254 1503 3340 apud
1521 3257 1589 3340 ipsos

479 3355 607 3418 haeresi
641 3353 873 3437 aegrotabant,
907 3363 939 3418 61
970 3364 1129 3439 tanquam
1159 3353 1363 3439 praesidium
1394 3353 1586 3437 gravioribus

481 3454 538 3538 qui
561 3452 792 3516 imminebant.
831 3454 1058 3517 Disseminata
1082 3475 1141 3537 per
1156 3449 1299 3517 Galliam
1315 3451 1425 3516 fuerat
1441 3451 1589 3515 haeretica

482 3551 632 3614 doctrina
662 3551 804 3616 loannis
829 3549 961 3616 Galvini
994 3553 1028 3615 in
1060 3573 1097 3615 eo
1130 3571 1230 3634 regno
1260 3551 1332 3615 orti.
1381 3549 1534 3614 Accessit
1559 3545 1590 3610 sd

482 3647 562 3733 ejus,
576 3647 816 3733 adjumentum,
841 3660 900 3713 aut
924 3648 1040 3714 saltem
1064 3649 1107 3714 ad
1131 3650 1208 3715 fidei
1230 3646 1415 3712 catholicae
1433 3649 1591 3712 detrimen·

481 3756 563 3827 tum,
589 3745 677 3830 quod
694 3749 778 3811 varii
803 3747 964 3830 homines,
989 3749 1146 3828 amoenis,
1172 3769 1238 3811 non
1255 3747 1362 3825 bonis,
1387 3744 1504 3809 litteris
1516 3761 1591 3828 prae·

484 3843 555 3927 diti,
585 3865 622 3908 eo
646 3866 664 3908 e
688 3843 870 3910 Germania
894 3848 1045 3910 accersiti
1069 3870 1089 3910 a
1112 3847 1291 3910 Francisco
1315 3845 1332 3906 I
1356 3865 1523 3908 musarum
1545 3841 1590 3902 im·

483 3963 585 4026 pense
610 3943 765 4024 studioso,
790 3966 902 4008 secum
928 3945 1115 4010 detulerant
1137 3947 1237 4008 etiam
1261 3962 1386 4008 errores
1410 3943 1444 4004 in
1461 3942 1589 4024 ipsorum

484 4042 592 4124 patria
630 4049 726 4106 ortos.
781 4041 893 4122 Quum
929 4043 1095 4107 Henricus
1126 4044 1159 4107 11
1203 4066 1232 4107 a.
1275 4039 1359 4106 1559
1399 4045 1589 4125 praematura

563 4253 580 4318 ¹)
600 4250 668 4308 Ibid.
688 4267 713 4305 n.
732 4257 757 4306 4.
