3034 4894
305 461 342 515 50
431 461 573 518 XXXVII.
594 461 634 514 De
652 461 741 515 initiis
760 477 792 514 ac
810 462 843 516 de
860 477 973 530 propag.
992 462 1303 530 pseudoreformationis.

308 604 421 668 multis
445 607 546 668 nimis
571 604 725 668 credulus
749 606 849 669 fuisse
873 607 913 669 iis
930 607 986 690 qui
1011 605 1278 691 praedecessores
1302 629 1433 670 accusa-

306 702 397 785 bant,
423 703 653 767 vehcmentius
678 725 732 766 eos
752 703 1012 788 reprehendisse,
1037 713 1135 789 atque
1157 704 1281 769 abusus
1298 715 1330 768 et
1346 705 1433 768 mala

306 802 455 886 vigentia
485 802 553 865 fere
582 803 841 885 exaggerasse.¹)
889 803 1030 886 Insuper
1058 803 1187 866 etiamsi
1211 803 1370 866 Pontifex
1394 825 1433 866 ea

306 923 401 963 sensa
434 902 467 964 in
500 902 611 963 animo
644 899 791 981 haberet,
823 898 987 963 liberioris
1017 909 1129 962 tamen
1154 922 1254 984 quam
1279 923 1340 984 par
1364 910 1432 963 erat

306 999 504 1061 sinceritatis
527 998 628 1061 fuisse
652 999 763 1060 visum
787 1007 845 1072 est,
879 1014 917 1061 ea
942 1000 1121 1061 conventui
1146 999 1344 1082 patefacere.
1394 999 1432 1062 In

192 1127 197 1136 ⁴
306 1106 474 1160 conventu
506 1099 594 1159 enim
626 1104 719 1159 erant
750 1095 860 1179 plures
892 1097 1059 1180 principes
1091 1096 1237 1160 Lutbero
1270 1097 1431 1176 faventes,

306 1193 401 1257 multi
418 1191 497 1257 Sedi
514 1192 726 1278 Apostolicae
750 1193 890 1274 infensi,
916 1194 1004 1258 unde
1028 1205 1096 1257 tam
1120 1203 1234 1279 aperta
1258 1195 1431 1280 culparum

306 1292 463 1378 professio
503 1292 575 1355 illos
607 1291 802 1356 audaciores
831 1291 969 1355 reddere
1001 1301 1138 1376 poterat.
1184 1291 1292 1377 quue
1316 1315 1431 1356 revera

305 1391 430 1454 facturn
455 1400 513 1454 est.
560 1391 652 1454 Dum
676 1392 765 1454 edim
789 1390 937 1453 remedia
961 1390 1125 1475 quaedam
1147 1392 1317 1475 principes
1341 1391 1431 1476 polli-

307 1490 364 1553 citi
389 1498 465 1552 sunt
488 1511 606 1574 parum
631 1487 781 1551 efficacia
806 1499 920 1574 contra
951 1488 1163 1552 diffusionem
1195 1510 1344 1552 errorum
1370 1491 1431 1553 Lu-

306 1587 406 1669 theri,
441 1586 580 1649 multum
612 1588 770 1650 insistunt
800 1587 834 1649 in
867 1585 1021 1649 tollendis
1052 1586 1225 1666 abusibus,
1258 1597 1430 1674 tamquam

306 1684 474 1771 praeclaro
498 1685 665 1766 remedi03
690 1693 816 1768 petunt,
842 1693 878 1746 ut
902 1685 1021 1748 effectu
1045 1685 1145 1747 etiam
1169 1685 1336 1749 Hadriani
1361 1707 1430 1771 pro-

307 1784 407 1846 missa
432 1781 676 1861 confirmentur,
703 1791 803 1866 utque
828 1791 970 1844 annatae
994 1781 1160 1864 tollantur,
1185 1782 1356 1868 simulque
1369 1784 1430 1846 alia

306 1874 539 1964 gravaminum
564 1881 674 1964 capita
697 1901 731 1941 se
747 1881 971 1962 proposituros
988 1901 1057 1941 esse
1071 1879 1231 1944 indicant.
1257 1881 1429 1945 Excusant

308 2000 357 2061 se,
394 1978 482 2063 quod
515 1987 648 2063 propter
683 1975 831 2062 pericula
863 1985 893 2039 et
925 1976 1138 2041 difficultates
1169 1976 1259 2040 haud
1295 1979 1429 2063 procedi

307 2079 409 2161 possit
433 2099 509 2139 cum
533 2078 567 2139 vi
591 2085 623 2138 ct
647 2077 747 2138 armis
778 2084 892 2138 contra
917 2084 1072 2155 errantes,
1105 2075 1160 2138 sed
1186 2077 1366 2159 postulant,
1397 2087 1428 2140 ut

307 2175 393 2238 infra
428 2195 553 2238 annum
579 2172 766 2237 Concilium
803 2175 1054 2237 oecumenicum
1090 2175 1122 2236 in
1159 2173 1271 2258 aliqua
1296 2177 1428 2239 civitate

307 2272 506 2336 Germaniae
542 2282 752 2336 convocetur.
809 2272 887 2335 Post
926 2273 1035 2335 nuntii
1074 2271 1255 2335 discessum
1296 2276 1428 2336 nomine

307 2381 490 2435 conventus
512 2369 643 2434 libellus
667 2371 775 2433 editus
798 2371 861 2433 fuit
886 2380 917 2434 et
941 2372 1040 2432 etiarn
1065 2369 1107 2433 ad
1132 2370 1332 2434 Pontificem
1358 2375 1428 2434 mis·

307 2492 371 2551 sus,
397 2465 607 2555 quititulum
632 2466 749 2531 habuit
770 2465 898 2530 Ccotam
920 2469 1118 2552 precamina,
1143 2477 1317 2552 propterea
1342 2470 1428 2554 quod

307 2568 454 2631 centenis
477 2588 587 2629 rerum
612 2565 777 2649 capitibus
798 2566 1030 2651 querebantur,
1056 2566 1197 2629 aRoma
1214 2565 1426 2631 Germaniam

307 2676 338 2729 et
362 2665 463 2728 laicos
487 2664 528 2728 ab
554 2663 787 2727 ecclesiasticis
810 2666 953 2748 gravari.
987 2662 1117 2743 Quibus
1142 2664 1297 2728 omnibus
1322 2675 1425 2748 postu·

305 2763 381 2827 latis
405 2764 432 2826 si
456 2762 611 2826 Pontifex
635 2761 834 2840 indulsisset,
861 2762 1134 2846 ejusauctoritas
1158 2761 1288 2826 deserta
1308 2765 1425 2848 jacuis-

307 2871 365 2944 set,
390 2871 421 2924 et
438 2861 515 2923 dum
540 2861 777 2944 recuperandis
801 2859 895 2923 laicis
919 2870 950 2923 et
974 2859 1230 2922 reconciliandis
1254 2860 1425 2924 haereticis

307 2959 461 3040 studeret,
487 2959 739 3043 obsequentium
764 2958 827 3021 sibi
852 2955 1094 3021 Germanorum
1118 2959 1304 3021 antistitum
1324 2959 1424 3044 jactu·

306 3080 377 3120 ram
401 3058 541 3122 fecisset.
566 3095 609 3102 -
634 3054 698 3119 Sed
723 3055 915 3119 Hadrianus
940 3057 988 3118 VI
1013 3055 1124 3119 multis
1149 3057 1235 3141 euris
1260 3057 1424 3120 confectus

308 3178 385 3219 mox
409 3153 552 3219 lethalen
577 3157 743 3217 contraxit
769 3154 932 3235 morbum,
958 3164 989 3217 et
1007 3155 1059 3217 die
1075 3153 1329 3239 quadragesimo
1346 3164 1424 3239 post-

307 3275 407 3339 quam
432 3263 600 3336 aegrotare
625 3254 795 3335 cocpisset,
828 3252 985 3315 videlicet
1009 3253 1062 3315 die
1089 3252 1148 3316 130
1171 3251 1375 3336 Septembris
1397 3277 1422 3316 a.

309 3352 404 3432 1523,
430 3353 576 3435 piissime
601 3350 722 3432 obiit.²)

395 3456 448 3520 52.
496 3457 574 3520 Post
605 3456 733 3520 obitum
757 3457 920 3520 Hadriani
946 3456 995 3519 VI
1024 3465 1157 3540 propter
1181 3457 1321 3522 dissidia
1345 3461 1422 3522 inter

308 3554 511 3636 Cardinalcs,
544 3577 646 3640 quum
680 3557 824 3617 seniores
848 3557 881 3617 in
908 3555 1103 3638 Pompeium
1130 3547 1328 3618 Columnam
1354 3555 1420 3620 Oar-

308 3653 463 3734 dinalcm,
483 3652 632 3736 juniores
656 3655 690 3715 in
703 3653 724 3718 J
728 3653 831 3715 ulium
848 3653 1056 3715 Medicaeum
1074 3650 1285 3714 Cardinalem
1311 3654 1420 3737 eligeu-
1504 3697 1505 3724 i

308 3752 386 3816 dum
412 3751 664 3836 propenderent,
697 3774 790 3814 sacra
815 3750 915 3814 Sedes
940 3773 998 3835 per
1022 3750 1104 3813 duos
1129 3770 1258 3812 menses
1283 3753 1418 3829 vacavit,

381 4072 400 4138 ¹)
421 4071 475 4124 (lfr.
495 4069 663 4134 Pallavicini,
681 4069 752 4125 Hist.
774 4069 851 4122 Conc.
871 4067 943 4121 Trid.
963 4068 992 4120 L.
1013 4067 1088 4138 llic.
1109 4067 1132 4120 7.

380 4161 401 4226 ²)
420 4161 460 4213 De
479 4160 616 4213 Hadriano
636 4160 676 4212 VI
700 4161 762 4213 vide
781 4175 846 4226 opus
865 4160 1049 4225 praeclarum:
1075 4159 1160 4226 Papst
1179 4159 1283 4212 Adrian
1301 4159 1345 4222 VI,
1369 4171 1416 4210 von

307 4241 470 4294 Constantio
488 4240 582 4292 Ritter
600 4255 653 4293 von
671 4239 770 4293 Hbfler.
809 4240 890 4293 Wien
910 4239 988 4294 1880.
