3034 4894
356 483 397 536 De
416 483 623 550 praeparatione
643 481 756 536 Concilii
773 482 936 537 Tridentini.
1177 484 1210 535 73

95 628 233 691 animum
288 626 331 691 ad
380 629 548 709 negotium
600 626 826 710 congregandi
873 624 1013 690 Concilii
1068 627 1208 693 addixit.

94 727 280 810 Diplomata
303 726 397 788 varia
432 725 524 788 dedit
558 725 601 788 ad
631 726 798 810 principes
834 723 1040 806 christianos,
1081 738 1118 789 ut
1155 747 1210 790 ecs

93 823 238 888 redderet
262 824 427 902 certiores,
459 821 523 886 sibi
547 822 686 886 firmiter
708 824 912 908 propositum
942 845 1012 886 esse
1037 821 1209 907 Synodnm

93 943 202 1004 cogere
232 918 431 1005 generalem,
466 930 568 1006 utque
592 941 647 984 eos
672 922 832 984 excitaret
856 920 900 984 ad
924 942 1018 984 suam
1043 921 1208 984 conferen-

92 1019 161 1082 dam
179 1041 288 1104 opem,
313 1041 377 1105 quo
394 1019 529 1082 tandem
546 1017 588 1082 ad
607 1029 800 1103 exoptatum
818 1040 954 1103 scopum
970 1021 1209 1102 perveniretur.

90 1117 248 1182 Nuntium
264 1119 355 1180 misit
371 1117 405 1180 in
418 1116 635 1180 Germaniam
647 1117 844 1200 Vergerium
859 1117 1052 1201 episcopum
1064 1117 1085 1181 J
1089 1118 1208 1180 11111110-

89 1215 269 1298 politauum
304 1212 410 1298 (Capo
442 1213 605 1296 d’Istria),
646 1215 702 1298 qui
737 1215 809 1299 jam
848 1212 909 1277 sub
945 1212 1113 1278 Clemente
1144 1214 1210 1278 Vll

89 1314 193 1375 nuntii
226 1311 361 1376 functus
392 1322 462 1378 crat
491 1333 638 1394 munere,
671 1314 767 1397 eique
791 1315 824 1375 in
850 1311 1015 1376 mandatis
1038 1313 1140 1394 dedit,
1174 1323 1210 1377 ut

89 1429 206 1494 magno
232 1431 307 1473 cum
333 1411 448 1493 vigore
472 1410 513 1473 de
530 1409 679 1474 Concilio
704 1420 826 1493 ageret.
860 1409 1050 1474 Honorilice
1074 1411 1209 1495 quidem

89 1507 139 1571 hic
152 1517 314 1592 exceptus
324 1508 397 1587 fuit,
415 1507 472 1571 sed
486 1529 564 1572 mox
581 1510 749 1594 principes
759 1507 1210 1594 protestantesSmalkaldiae

88 1607 276 1690 congregati
312 1606 568 1691 responderunt:
606 1607 699 1670 Inter
732 1615 861 1670 caetera
896 1609 1002 1691 ipsam
1038 1608 1209 1670 Mantuam

88 1723 150 1766 non
175 1703 318 1789 placere,
343 1725 450 1789 neque
475 1724 686 1790 perpessuros
712 1706 809 1789 ipsos,
835 1715 872 1767 ut
894 1706 927 1766 in
954 1703 1103 1768 Concilio
1128 1705 1209 1768 Pon-

86 1801 166 1864 tifex
199 1821 259 1864 sua
288 1804 485 1866 auctoritato
509 1811 630 1883 utatur,
664 1802 752 1888 quod
776 1801 831 1865 ille
860 1803 901 1864 sit
925 1804 1069 1884 ipsorum
1094 1802 1209 1865 adver·

86 1902 200 1980 sarius,
226 1903 283 1984 qni
309 1900 464 1985 dogmata
488 1902 634 1984 ipsorum
659 1901 877 1965 damnaverit.
924 1899 1040 1986 Itaque
1064 1900 1210 1984 011111111-

87 1997 194 2062 dicem
227 2019 387 2062 essenon
411 2019 517 2083 posse,
550 1999 607 2062 sed
641 2019 682 2062 ex
707 1997 878 2061 voluntate
903 1996 1063 2074 Caesaris,
1095 2019 1208 2080 regum

86 2105 117 2157 et
140 2097 343 2180 principum,
368 2095 562 2178 deligendos
586 2096 723 2160 idoneos
746 2097 845 2174 viros,
870 2097 927 2180 qui
946 2096 1046 2180 juxta
1070 2093 1210 2158 verbum

87 2194 150 2258 Dei
177 2215 313 2258 causam
339 2206 540 2278 cognoscant
563 2208 663 2280 atque
679 2195 852 2278 deliniant.
877 2231 919 2241 —
944 2193 1056 2278 Atque
1073 2194 1119 2256 ita
1134 2192 1210 2255 Pro·

85 2299 246 2354 testantes
263 2291 451 2357 Concilium
477 2293 612 2378 quidem
641 2292 857 2356 vehementer
881 2302 994 2376 optare
1011 2300 1043 2354 et
1057 2300 1210 2375 expetere

87 2390 254 2471 dixerunt,
272 2389 330 2454 sed
340 2393 434 2455 asnis
447 2390 738 2455 concionatoribus
755 2388 841 2454 male
856 2390 1003 2475 persuasi
1018 2387 1210 2452 taleConci-

86 2487 166 2550 lium
177 2490 355 2572 petierunt,
366 2490 463 2575 quale
472 2489 563 2554 nulla
576 2500 666 2554 aetas
681 2511 798 2552 verum
816 2499 848 2553 et
862 2489 1047 2572 legitimum
1063 2508 1209 2571 unquam

86 2587 251 2670 putarit.¹)
284 2623 327 2633 -
361 2588 473 2651 Altero
503 2608 590 2651 anno
617 2588 703 2652 1536
729 2588 867 2651 Carolus
890 2587 920 2649 V
953 2586 1094 2648 Romam
1118 2585 1212 2647 venit

87 2694 116 2746 et
149 2707 225 2748 curn
251 2683 413 2748 Pontifice
446 2683 549 2749 multa
585 2685 749 2771 colloquia
784 2685 918 2766 habuit3
952 2682 1107 2746 Pontifex
1132 2702 1209 2744 vero

88 2781 138 2845 die
163 2783 202 2846 2⁰
226 2783 321 2847 Junii
346 2784 477 2848 Bullam
503 2784 617 2864 edidit,
643 2803 709 2869 qua
734 2784 920 2847 Concilium
945 2781 988 2845 ad
1013 2781 1096 2844 23ωῙΙ
1120 2781 1209 2842 diem

88 2879 164 2966 llaji
190 2903 220 2947 a.
248 2881 333 2946 1537
358 2883 531 2946 Mantuam
556 2883 765 2946 convocavit.

176 2977 228 3042 17.
261 2979 388 3043 Eodem
412 2989 559 3064 tempore
582 2979 707 3043 Paulus
721 2980 783 3058 HI,
808 2977 959 3063 pluribus
972 2974 1207 3041 Cardinalibus
1231 2978 1366 3050 0⁰¹⁰¹¹¹J⁵⁵¹⁰

87 3078 214 3158 creatis,
252 3097 285 3140 se
315 3080 461 3141 virorum
487 3079 682 3142 selectorum
707 3076 928 3141 circumdedit
951 3096 1081 3157 corona,
1114 3075 1214 3144 Coma
1245 3041 1353 3142 cirillia

86 3177 342 3260 missionemque
367 3177 537 3240 constitnit
561 3174 790 3241 Cardinalium
815 3174 1022 3258 aliorumque
1051 3169 1208 3256 praelato·

85 3293 167 3351 rum,
194 3294 280 3357 quac
305 3272 346 3336 de
370 3273 530 3338 abusibus
554 3275 589 3337 in
605 3273 791 3337 Ecclesiam
817 3283 849 3335 01
873 3273 1000 3335 curiam
1026 3270 1209 3333 Romanam

86 3367 284 3432 introductis
301 3372 492 3456 inquireret,
518 3370 674 3434 Pontifici
697 3371 835 3434 referret
858 3391 897 3433 ac
913 3369 1023 3432 media
1040 3367 1210 3430 correctio-

86 3468 136 3530 nis
160 3479 370 3552 proponeret.
417 3469 510 3533 Haec
536 3470 743 3549 Commissio,
769 3470 893 3554 inqua
918 3464 1111 3529 eminebant
1135 3461 1209 3526 Car-

86 3563 214 3628 dinales
231 3567 449 3649 Contarenus,
474 3567 607 3632 Caralia
634 3577 666 3629 et
683 3565 867 3647 Sadoletus,
896 3563 1070 3629 Consilium
1094 3562 1135 3626 de
1159 3561 1211 3624 his

86 3661 248 3726 abusibus
279 3685 401 3748 magna
434 3685 510 3728 oum
544 3664 697 3727 libertate
721 3663 876 3728 Pontifici
912 3660 1039 3726 obtulit.
1093 3658 1210 3722 Simul·

85 3768 184 3845 atquc
209 3781 287 3824 vero
313 3762 475 3846 ejusmodi
496 3761 668 3828 Consilium
692 3763 726 3826 in
751 3784 870 3825 manus
894 3759 1013 3823 incidit
1027 3758 1210 3820 Protestan·

85 3859 180 3940 tium,
206 3858 287 3923 illud
312 3861 399 3924 notis
423 3860 547 3924 additis
571 3859 747 3923 ediderunt
771 3860 932 3944 pessimis,
965 3865 1001 3919 ut
1025 3854 1209 3919 Ecclesiam

87 4105 217 4160 demissus
247 4106 365 4160 feliciter
400 4121 458 4160 sese
489 4105 602 4159 carceris
640 4105 730 4160 taedio
768 4105 876 4172 cripuit.
923 4105 958 4160 V.
981 4104 1112 4166 Partiri,
1144 4103 1210 4157 Vita

88 4185 165 4239 Pauli
185 4186 236 4240 111.

160 4275 181 4344 1)
201 4275 296 4329 Sarius
315 4277 343 4329 in
363 4275 510 4329 Comment.
530 4291 554 4329 a.
577 4275 652 4339 1535,
673 4290 715 4341 ap.
735 4273 867 4339 Raynald.
888 4272 967 4326 adh.
987 4285 1011 4326 a.
1030 4285 1057 4324 n.
1077 4273 1120 4326 34.
