3034 4894
461 481 667 535 Dissertationis
686 481 796 535 indoles,
1157 481 1188 531 et

75 628 239 707 Tolosam,
280 650 309 690 a.
338 626 424 690 1600
457 625 562 689 edidit
598 625 790 710 (anonyme)
832 645 914 708 opus
948 634 1073 706 septem
1097 623 1190 687 libris
1219 623 1346 726 ὃξὲῑέζξθζθθ

74 727 213 788 divisum
238 725 302 788 hoc
326 723 439 786 titulo:
471 724 622 786 Iideisien
646 724 689 786 da
717 721 841 790 Concide
866 729 904 792 cle
933 724 1058 803 Trente,
1091 733 1200 787 cante-¹

74 837 147 886 nant
176 824 220 886 les
251 822 380 899 nailites
410 821 553 907 d'icelay,
592 820 636 883 ies
665 823 765 908 priefs
797 825 840 888 da
867 828 918 890 roi
948 828 986 890 de
1010 827 1131 889 France
1162 833 1216 904 et.

73 933 174 985 aatres
192 924 324 1006 princes
347 921 508 997 cdretiens,
533 920 571 982 cie
585 919 701 1004 i'eplise
724 921 882 1004 gallicane
899 935 928 987 et
943 935 1049 986 autres
1064 919 1191 984 catholi-

71 1042 150 1104 qaes.
188 1056 225 1065 —
265 1018 295 1081 6.
331 1017 534 1101 Heidegger,
572 1017 735 1100 professor
767 1019 952 1104 theologiae
988 1023 1191 1105 l'igurensis,

69 1141 98 1182 a.
119 1118 203 1180 1672
228 1138 311 1200 opus
328 1116 434 1178 edidit
458 1116 670 1199 bipartitum:
699 1114 834 1181 Consilii
852 1119 1032 1182 Tridentini
1048 1130 1192 1182 anatome

68 1213 415 1298 historico-theologica,
456 1215 490 1276 in
522 1236 583 1297 qaa
609 1216 788 1299 praemisse
824 1217 950 1280 concilii
985 1227 1085 1295 tenta,
1116 1226 1193 1302 pest

69 1324 236 1376 narratam
266 1311 404 1400 ejasciern
440 1313 603 1374 historiam
635 1323 664 1374 et
693 1313 874 1402 snbjnnctas
907 1317 1057 1378 historiae
1088 1325 1191 1393 notas,

68 1413 165 1495 iisqne
190 1412 329 1473 insertas
353 1409 511 1472 vindiciae
537 1410 624 1472 Petri
648 1409 749 1473 Saaoe
773 1410 891 1474 Poiani
914 1413 1065 1477 aduersas
1089 1436 1191 1476 censa-

67 1533 135 1572 rarn
181 1506 567 1590 historicetheoiopicarn
607 1507 766 1593 Scipionis
807 1511 941 1574 Henrici
979 1513 1193 1574 Messanensis

67 1605 218 1690 theologi,
244 1606 365 1668 demant
389 1606 557 1668 succedant
580 1606 717 1694 ejusdem
742 1611 970 1672 controversiae
994 1609 1192 1694 theologicae,
1296 1606 1299 1613 ’

66 1706 178 1789 quibas
210 1705 306 1765 totins
331 1714 476 1788 papatus
506 1704 688 1766 Tridentini
716 1727 844 1768 nervose
875 1699 1034 1792 confutati
1065 1718 1095 1769 ct
1123 1729 1191 1769 cons-

67 1805 139 1866 cicti
162 1801 381 1884 compendium
406 1801 576 1864 eahidctar.
602 1839 645 1848 —
671 1803 699 1864 l.
724 1803 853 1885 Jurieu,
878 1805 1022 1867 famosus
1046 1805 1100 1868 ille
1117 1805 1192 1868 Pro-

65 1903 260 1964 testantium
290 1901 448 1980 minister,
482 1901 655 1984 impugnat
680 1899 868 1964 Concilium
893 1903 1126 1965 Tridentinurn
1158 1905 1192 1966 in

65 1997 305 2062 reflexionibus
330 1996 496 2060 historicis
521 2019 605 2082 quae
630 1999 835 2082 praecedunt
859 2001 930 2084 ejus
947 2023 1046 2084 opus:
1072 1999 1195 2086 Adreae'

63 2099 101 2160 ,de
143 2096 296 2158 i'histoire
336 2095 395 2182 aa,
422 2093 547 2158 Concile
587 2096 624 2158 de
667 2097 789 2160 Trente.
842 2096 963 2162 Certiae
1001 2102 1097 2162 1682.
1149 2137 1191 2144 -

67 2198 93 2260 8.
120 2193 268 2258 Michael
292 2193 322 2255 le
340 2194 470 2270 Vassor,
497 2215 539 2256 ex
563 2195 732 2258 sacerdote
749 2195 892 2259 Oratorii
916 2206 1066 2280 apostata
1089 2197 1191 2280 angli·

66 2317 180 2374 canus,
206 2293 338 2375 impetit
361 2293 590 2355 auctoritatem
614 2290 714 2376 hujus
731 2293 859 2376 Synodi
883 2297 917 2357 in
932 2295 1136 2378 praefatione
1161 2306 1193 2358 et

66 2389 306 2455 reflexionibus
330 2389 372 2452 ad
397 2389 519 2452 librum
545 2391 598 2451 cui
613 2388 745 2452 titulus:
771 2392 891 2454 Lettres
916 2403 945 2454 et
961 2394 1129 2456 llle'moires
1153 2393 1191 2456 oie

6 2545 7 2548 ,
65 2489 224 2571 Franpois
248 2487 286 2549 cie
317 2489 449 2570 Verane,
475 2487 513 2549 cle
538 2488 646 2550 Pierre
670 2489 708 2550 de
733 2488 907 2552 Malvenda
932 2501 961 2553 et
985 2491 1023 2553 cie
1048 2489 1192 2574 qaeeiqnes

65 2589 204 2674 Erseqaes
230 2585 423 2670 d'Espapne,
456 2585 604 2648 tonabant
628 2585 654 2647 le
683 2583 807 2649 Concide
831 2587 869 2650 oie
896 2588 1019 2666 Trente,
1053 2590 1191 2651 traciaits

66 2687 101 2749 cie
126 2681 314 2770 l'espagnci
338 2704 411 2745 avec
449 2683 503 2744 des
530 2705 718 2768 remarqaes.
777 2684 978 2748 Amsteraiarn
1011 2689 1108 2750 1699.
1148 2725 1191 2734 -

68 2785 96 2848 9.
132 2782 328 2846 Fridericus
362 2779 560 2864 Spanheim,
598 2780 756 2864 Lugduni
789 2783 990 2846 Batavorum
1025 2784 1191 2868 (Leyden)

70 2882 241 2964 professor,
267 2881 302 2941 in
317 2901 375 2942 suo
400 2901 515 2963 opere:
541 2880 683 2942 Histoire
700 2881 885 2944 atrectare.
918 2882 1021 2968 Leyde
1035 2885 1132 2946 1701.
1149 2921 1192 2930 -

75 2980 117 3041 10.
144 2979 274 3041 Auctor
298 2999 485 3060 anonymus
509 2980 633 3061 operis:
669 2979 812 3042 Histoire
843 2980 881 3042 de
906 2977 938 3042 ia
967 2982 1125 3065 receptior
1149 2982 1192 3043 da

71 3073 196 3139 Concide
221 3074 260 3137 dc
281 3076 393 3138 Trente
419 3075 500 3138 dans
525 3074 569 3138 les
593 3074 756 3160 differente
782 3079 862 3140 etate
886 3077 1095 3162 catholiqaes:
1119 3101 1193 3142 aeae

65 3175 108 3237 les
127 3175 238 3259 piceas
256 3173 489 3261 justificatioes,
522 3184 648 3236 servant
671 3179 690 3236 a
707 3197 848 3259 proaver
871 3199 928 3259 qne
952 3176 995 3237 les
1020 3177 1138 3238 de'crets
1163 3187 1193 3239 et

63 3271 251 3358 regieraents
274 3271 521 3356 ecclesiastiaca
544 3295 582 3335 ne
601 3285 738 3357 peaocnt
761 3283 791 3335 et
812 3295 850 3335 ne
866 3273 992 3337 doivent
1007 3275 1070 3337 itre
1085 3277 1191 3337 eoce'cn-

64 3373 110 3434 te's
142 3391 221 3432 sans
261 3368 424 3432 l'aatorite
452 3371 507 3432 cies
531 3373 723 3435 souverains.
780 3370 979 3434 Amsterda'rn
1014 3374 1111 3435 1760.
1148 3409 1191 3417 -—

63 3469 196 3531 Passim
222 3477 392 3550 praeterea
417 3478 487 3530 turn
511 3470 545 3530 in
567 3470 698 3553 seriptis
721 3468 1037 3551 haeresiarcharum,
1062 3480 1132 3532 tum
1156 3472 1191 3532 in

63 3566 219 3651 plurimis
244 3566 435 3629 auctoribus
447 3566 705 3650 protestantibus
722 3578 754 3629 et
769 3569 927 3652 apostatis
942 3567 1190 3647 recentioribus,

62 3665 259 3727 invectivae
275 3672 306 3725 et
323 3665 589 3748 impugnationes
604 3663 743 3728 Consilii
758 3665 944 3728 Tridentini
963 3667 1190 3730 inveniuntur.

614 3865 649 3926 1.

185 3993 251 4054 Dc
271 3995 598 4073 praeparatione
622 3995 797 4060 Concilio·
821 3996 1069 4060 Tridentini.

156 4153 188 4216 4.
239 4149 350 4230 Quum
385 4151 501 4215 turbae
537 4175 580 4215 ex
603 4152 742 4216 Lutheri
775 4152 953 4218 rebellione
986 4163 1120 4216 exortae
1156 4155 1190 4216 in

65 4251 252 4316 Germania
286 4251 391 4332 magis
424 4253 594 4335 magisque
626 4253 906 4334 ingravescerent,
939 4273 978 4315 ae
1003 4251 1123 4314 divisio
1155 4252 1190 4314 in
