3336 4908
436 457 478 511 De
499 457 571 510 Pace
593 455 775 512 Oleuceatiuo.
1114 457 1167 512 263

67 601 258 666 subscribens
289 623 396 687 neque
426 609 586 665 assereret
616 622 724 686 neque
748 609 892 684 negaret,
925 603 1071 687 quinque
1095 623 1165 686 pro·

66 701 224 782 positiones
261 701 295 762 in
324 722 422 763 sensu
446 699 598 764 Jansenii
634 721 705 762 esse
729 697 930 781 haereticas,
969 700 1026 763 sed
1061 701 1166 763 solum

63 796 233 879 affirmaret,
265 819 321 860 eas
353 799 387 860 in
412 796 475 860 hoc
499 818 597 860 sensu
621 819 641 860 a
665 795 823 859 Romanis
847 795 1066 860 Pontificibus
1097 818 1167 860 esee

64 893 228 959 damnatas

135 993 184 1058 53.
234 991 385 1072 Quatuor
409 989 455 1054 illi
480 991 639 1075 episcopi,
664 1012 745 1075 quos
770 990 927 1070 diximus,
952 993 1077 1075 pariter
1092 993 1167 1055 sim·
1209 995 1312 1041 Qum

60 1089 163 1172 plicem
180 1113 238 1154 seu
255 1088 440 1152 absolutam
458 1086 737 1173 subscriptionem
753 1087 915 1151 formulae
928 1087 1166 1171 detractarunt,
1186 1061 1329 1173 {mildi

61 1197 85 1248 et
98 1189 128 1250 in
144 1187 260 1252 litteris
277 1188 344 1250 suis
359 1185 580 1271 pastoralibus
597 1186 849 1266 contenderunt,
869 1183 1168 1252 Constitutionibus

60 1284 245 1368 Apostolicis
269 1293 430 1370 quantum
455 1282 566 1368 adjus
583 1305 640 1346 seu
658 1283 778 1367 dogma
795 1282 977 1368 spectabat,
1001 1296 1168 1368 praestan-

58 1383 125 1446 dum
149 1406 218 1447 esse
242 1404 414 1446 assensum
438 1381 527 1462 fidei,
560 1390 721 1466 quantum
746 1402 825 1445 vero
857 1380 899 1444 ad
923 1381 1048 1446 factum
1073 1386 1168 1468 perti·

58 1481 154 1562 nebat,
179 1481 364 1546 Ecclesiam
390 1501 456 1543 non
474 1502 544 1544 esse
560 1479 779 1559 infallibilem,
805 1488 837 1544 et
857 1478 1082 1544 obedientiam
1099 1482 1170 1567 ejus

54 1578 167 1662 judicio
197 1581 358 1665 praestari
390 1577 542 1661 religioso
575 1577 716 1642 silentio.
767 1578 862 1641 Haec
893 1577 971 1641 dein
1006 1581 1169 1644 sententia

57 1677 129 1740 inter
150 1678 359 1741 refractarios
383 1678 604 1739 communiter
626 1687 760 1760 recepta
784 1683 842 1742 est.
889 1676 943 1740 Ex
973 1674 1037 1740 hoc
1070 1679 1170 1761 igitur

56 1783 188 1858 tempore
222 1796 289 1838 non
315 1787 381 1837 tam
408 1774 449 1837 de
474 1776 620 1860 quinque
649 1773 931 1859 propositionibus
960 1784 992 1838 et
1021 1775 1062 1838 de
1085 1774 1169 1840 libro

56 1870 203 1957 Jansenii,
230 1894 329 1957 quam
356 1872 396 1935 de
423 1871 659 1936 infallibilitate
677 1881 710 1936 et
725 1874 920 1936 auctoritate
936 1871 1106 1936 Ecclesiae
1130 1895 1170 1936 ac

54 1967 227 2050 Pontificis,
259 1980 419 2055 quantum
452 1969 495 2033 ad
520 1971 607 2033 facta
633 1971 821 2053 dogmatica
847 1978 983 2053 spectat,
1009 1970 1169 2056 discepta-

54 2063 148 2131 batur.
181 2067 377 2132 Alexander
393 2067 458 2130 VlI
483 2067 609 2131 litteras
634 2067 814 2152 pastorales
839 2076 981 2152 quatuor
1005 2071 1170 2154 episcopo-

54 2186 115 2227 rum
139 2165 194 2228 die
221 2166 280 2229 18⁰
296 2165 450 2229 Januarii
474 2189 503 2230 a.
524 2167 608 2230 1667
634 2164 827 2250 reprobavit
851 2174 883 2227 ot
907 2165 1086 2249 prohibuit.
1117 2166 1169 2230 Ad

53 2264 127 2345 regis
166 2263 437 2326 christianissimi
477 2265 671 2349 petitionem
711 2263 788 2326 dein
828 2265 1001 2348 episcopos
1043 2266 1171 2351 judices

53 2363 239 2441 nominavit,
265 2371 302 2423 ut
325 2381 499 2445 processus
524 2360 653 2424 illorum
679 2363 909 2446 episcoporum
934 2363 967 2424 in
986 2361 1095 2426 Gallia
1119 2364 1165 2426 in·

54 2457 242 2523 stitueretur.
290 2459 391 2522 Petiit
414 2470 523 2522 autem
549 2481 618 2540 rex,
644 2469 680 2522 ut
699 2458 876 2522 duodecim
902 2461 1048 2544 episcopi
1073 2459 1168 2542 elige·

52 2567 163 2639 rentur,
190 2558 290 2620 sicuti
312 2558 347 2620 in
373 2557 557 2622 canonibus
580 2557 819 2642 praescribitur
842 2555 974 2643 quando
996 2558 1170 2642 episcopus

53 2673 150 2717 coram
175 2654 432 2739 metropolitano
461 2667 647 2719 accusatur.
694 2654 759 2719 Sed
791 2678 829 2719 eo
855 2654 942 2740 quod
968 2653 1055 2718 Galli
1080 2654 1167 2718 hanc

50 2749 293 2836 dispositionem
326 2754 425 2816 etiam
451 2752 629 2816 extendere
653 2753 777 2817 vellent
804 2754 847 2818 ad
872 2753 1017 2816 tribunal
1046 2754 1167 2816 summi

48 2847 221 2932 Pontificis,
247 2849 439 2914 Alexander
457 2850 518 2913 Vll
546 2852 676 2914 censuit
701 2872 887 2935 supremam
913 2873 1007 2914 suam
1030 2853 1169 2915 auctori·

47 2954 139 3010 tatem
171 2947 373 3012 servandam
408 2970 495 3033 esse,
534 2959 566 3011 et
601 2949 734 3012 nonnisi
769 2970 890 3012 novem
921 2951 1094 3034 episcopos
1125 2948 1169 3012 ad

47 3048 211 3128 negotium
235 3044 317 3109 illud
342 3046 525 3129 gerendum
551 3047 657 3110 voluit
681 3047 850 3132 deputare.
884 3045 968 3109 Inde
991 3046 1089 3109 radix
1112 3045 1169 3110 ali·

45 3162 105 3224 qua
129 3142 365 3208 amaritudinis
389 3142 504 3208 oborta
528 3153 577 3207 est
601 3146 635 3207 in
657 3166 732 3228 rege
757 3144 893 3229 ejusque
918 3145 1086 3226 ministris,
1112 3144 1168 3228 qui

45 3259 170 3325 semper
211 3241 251 3303 de
291 3243 468 3326 suppositis
499 3241 684 3326 privilegiis
709 3241 878 3304 Ecclesiae
903 3240 1097 3306 Gallicanae
1136 3263 1170 3304 se

45 3337 197 3402 sollicitos
227 3339 446 3420 ostentabant,
477 3349 510 3401 et
537 3338 717 3402 laesionem
750 3339 930 3424 quamdam
960 3359 1073 3402 earum
1097 3338 1171 3401 fieri

45 3435 341 3521 conquerebantur.

127 3534 181 3600 54.
212 3534 391 3612 Negotium
416 3532 457 3596 de
481 3554 546 3618 quo
570 3535 701 3616 agimus
725 3535 862 3618 ejusque
878 3532 1057 3614 conclusio,
1083 3555 1169 3618 quae

44 3635 175 3695 nomine
199 3633 292 3695 Pacis
321 3628 534 3694 Clementiam
559 3630 727 3713 designari
758 3631 848 3712 solet,
880 3633 1023 3716 pertinet
1046 3630 1089 3694 ad
1114 3652 1172 3693 eos

44 3738 188 3810 eventus,
222 3731 279 3814 qui
312 3727 509 3792 celebriores
533 3739 610 3792 sunt
634 3730 668 3792 in
692 3729 864 3793 Ecclesiae
895 3728 1032 3793 historia
1056 3728 1171 3792 simul·

44 3844 103 3906 que
127 3828 162 3890 in
188 3849 221 3890 se
246 3827 452 3891 obscuriores
476 3835 509 3890 et
532 3828 638 3909 magis
654 3827 803 3911 implexi.
843 3825 1056 3912 Quapropter
1072 3848 1168 3889 accu-

43 3925 142 3987 ratius
165 3925 253 3988 facta
278 3946 362 4010 quae
386 3924 453 3986 huc
477 3926 644 4009 pertinent
668 3926 825 3987 convenit
850 3925 1076 4004 considerare3
1110 3923 1170 3987 sed

44 4034 261 4104 opportunum
293 4024 354 4085 erit
382 4024 591 4106 praemittere
622 4022 661 4084 de
685 4021 802 4110 objecto
833 4020 1086 4107 infallibilitate's
1109 4022 1169 4084 Ec·

44 4114 152 4181 clasiae
175 4118 338 4204 quaedam
358 4118 468 4182 bacin
482 4142 516 4182 re
534 4119 749 4184 advertenda.
763 4157 807 4164 —
822 4119 858 4182 1⁰
872 4120 1068 4204 Depositum
1083 4118 1165 4182 chri-

45 4218 167 4279 stianae
191 4216 268 4279 fidei
293 4219 405 4281 stricto
430 4239 528 4281 sensu
551 4228 726 4302 acceptum
751 4216 981 4301 complectitur
997 4240 1036 4280 ea
1051 4218 1168 4280 omnia
