3020 4908
183 597 262 637 (lleem

182 662 215 700 sis
231 661 285 699 XIII

198 727 270 773 gesat

324 445 379 500 400
516 443 602 498 XLII.
640 443 681 496 De
699 446 775 496 statu
793 441 929 496 Ecclesiae
947 456 1015 499 saec.
1035 441 1136 495 decimo
1156 445 1262 497 octavo.

263 598 433 652 starum
469 587 595 651 auxilio
636 586 738 649 fretus
780 587 912 650 decreta
948 608 1007 649 sua
1041 586 1230 648 executioni
1267 583 1432 648 mandavit

327 685 439 766 Quum
463 685 620 749 Pontifex
651 684 737 768 parit
739 706 774 747 er
724 683 849 746 tlitt
823 693 922 746 tteras
947 705 1022 746 suas
1045 703 1204 746 revocare
1228 681 1388 746 110111111
1359 685 1433 746 etin

326 783 539 847 vindicandis
563 781 733 845 Ecclesiae
760 782 893 867 juribus
924 781 1027 845 firmit
1014 791 1064 844 ter
1094 783 1301 866 persisteret
1336 781 1434 866 guber·

325 883 418 945 nium
459 879 588 945 Galliae
628 881 822 943 comitatum
856 880 1158 961 Avenionensem,
1183 878 1434 964 Neapolitanum,

324 979 555 1042 Beneventum
591 987 623 1040 et
657 976 977 1042 Pontem-Corvum
1013 979 1200 1062 occupavit.
1247 979 1348 1041 Petiit
1380 976 1435 1041 Cle-

326 1099 419 1140 mens
453 1076 540 1140 XIII
575 1075 701 1140 auxilia
736 1076 861 1140 Mariae
897 1074 1076 1139 Therasiae
1111 1076 1354 1160 Imperatricis,
1390 1074 1436 1138 sed

324 1176 424 1239 etiam
449 1176 522 1259 ipsa
554 1174 742 1259 respondit,
778 1173 942 1239 derebus
966 1173 1123 1237 civilibus
1156 1184 1188 1237 et
1212 1176 1357 1259 politicis
1386 1174 1437 1236 hac

324 1275 360 1336 in
384 1275 577 1358 quaestione
601 1274 673 1357 agi,
705 1271 795 1335 haud
820 1293 898 1336 vero
924 1272 964 1335 de
988 1270 1158 1355 religionis
1181 1275 1331 1356 negotio,
1357 1273 1437 1336 adeo·

323 1393 389 1456 que
414 1391 448 1433 se
472 1371 673 1434 intervenire
697 1391 764 1432 non
788 1391 894 1454 posse.

414 1468 466 1533 30.
515 1467 671 1532 Summae
706 1469 921 1532 amaritudini
946 1489 1041 1553 porro
1064 1467 1216 1532 Pontifici
1250 1469 1329 1550 fuit,
1363 1468 1436 1553 quod

323 1567 474 1630 Jesuitae
498 1590 527 1632 a.
555 1567 639 1631 1759
665 1566 911 1651 expellerentur
934 1589 976 1630 ex
999 1568 1184 1648 Lusitania,
1209 1569 1437 1652 supprimeren-

325 1667 436 1727 turin
454 1663 566 1729 Gallia
590 1664 723 1730 11761
752 1673 784 1728 et
807 1664 902 1728 brevi
926 1674 1001 1751 post
1024 1667 1123 1728 etiam
1149 1664 1226 1728 inde
1251 1667 1344 1728 exire
1368 1686 1437 1727 com·

325 1760 536 1846 pellerentur.
583 1763 691 1848 Ejecti
716 1765 841 1848 pariter
865 1771 942 1826 sunt
973 1786 1014 1826 cx
1038 1763 1204 1848 Hispania
1228 1771 1261 1826 et
1285 1761 1396 1826 Sicilia
1415 1784 1437 1825 a.

328 1861 429 1940 1767,
466 1882 635 1946 quumque
667 1861 817 1926 Jesuitae
851 1860 981 1945 expulsi
1015 1861 1058 1924 ad
1086 1860 1259 1924 Pontificio
1295 1860 1437 1924 ditionem

324 1956 600 2038 conducerentur,
625 1959 788 2042 gubernio
812 1960 874 2022 ista
899 1958 962 2022 bac
986 1979 1117 2043 quoque
1140 1960 1269 2021 ratione
1288 1957 1437 2022 molestias

324 2075 438 2118 creare
463 2056 661 2119 studuerunt
686 2056 859 2137 Pontifici,
886 2057 942 2140 qui
968 2059 1091 2141 pietate
1114 2066 1252 2140 paterna
1277 2055 1352 2120 illos
1374 2057 1437 2119 nite·

325 2152 425 2216 batur
455 2163 647 2217 sustentare.
683 2192 727 2200 -
761 2153 904 2218 Moerori
928 2155 1028 2216 etiarn
1058 2153 1122 2216 fuit
1145 2153 1331 2236 Clementi,
1366 2151 1436 2239 quod

327 2249 442 2314 Poloni
476 2251 714 2315 dissidentibus
737 2275 766 2318 a.
797 2252 881 2315 1768
911 2253 1020 2315 varios
1050 2253 1201 2314 fecerunt
1224 2254 1436 2316 concessiones

325 2347 478 2430 religioni
503 2349 685 2414 catholicae
702 2351 829 2431 noxias,
854 2349 975 2413 frustra
995 2351 1266 2434 protestationem
1285 2352 1437 2413 emittente

325 2446 450 2509 Nuntio
482 2447 662 2531 pontificio.
711 2448 751 2510 In
775 2447 956 2511 Germania
986 2469 1064 2510 vero
1096 2469 1134 2511 eo
1158 2455 1310 2531 tempore
1341 2468 1436 2532 propa·

323 2554 423 2628 gatae
457 2553 534 2607 sunt
566 2545 736 2609 doctrinae
760 2545 936 2626 Febronii,
974 2547 1030 2630 qui
1064 2567 1093 2609 a.
1121 2544 1206 2609 1763
1240 2567 1327 2630 opus
1359 2564 1434 2608 suun

324 2641 433 2707 edidit
456 2664 585 2708 veneno
616 2643 784 2708 refertum.
831 2643 971 2707 Librum
997 2663 1084 2707 anno
1116 2651 1274 2727 sequente
1300 2642 1436 2706 Pontifex

327 2762 386 2825 pro
417 2760 554 2803 munere
579 2762 636 2804 suo
669 2741 854 2806 damnavit.
902 2740 958 2805 Sic
982 2740 1114 2803 effluxit
1146 2739 1361 2824 pontificatus
1384 2737 1435 2802 Cle·

328 2838 447 2900 mentis
472 2836 559 2901 XIII
583 2839 669 2901 inter
700 2840 874 2901 continuas
902 2840 1089 2922 angustias,
1129 2847 1161 2900 et
1183 2837 1275 2901 lucta
1306 2837 1434 2901 aularum

325 2938 520 3020 praesertim
554 2935 816 2999 Borbonicarum
853 2945 967 2999 contra
992 2934 1111 3000 Sedem
1136 2935 1364 3020 Apostolicam
1396 2955 1435 2995 ex·

325 3042 450 3096 tremos
483 3032 586 3097 veluti
618 3032 740 3096 limites
773 3035 892 3116 attigit.
940 3035 1040 3097 Initio
1074 3035 1153 3097 anni
1180 3034 1266 3098 1769
1303 3033 1434 3099 Oratores

328 3129 458 3193 illarum
491 3131 641 3195 aularum
675 3131 884 3216 postularunt
917 3132 1121 3195 aPontifice
1154 3132 1292 3195 nomine
1322 3148 1434 3195 suorum

329 3230 533 3313 principum,
558 3237 594 3292 ut
618 3227 765 3293 Societas
789 3229 871 3294 Jesu
896 3231 1029 3314 penitus
1053 3231 1326 3314 supprimeretur.
1369 3227 1434 3290 Pon·

325 3326 411 3390 tifex
435 3326 727 3390 vehementissima
751 3327 932 3390 afflictione
956 3329 1019 3390 ista
1044 3328 1085 3391 (11
1109 3349 1209 3391 causa
1233 3329 1369 3391 affectus
1390 3332 1432 3390 est

328 3432 430 3509 utque
454 3423 495 3487 de
518 3425 617 3488 rebus
637 3423 871 3502 ecclesiasticis
896 3446 972 3488 cum
990 3424 1226 3488 Cardinalibus
1246 3424 1432 3489 deliberaret

328 3519 568 3585 Consistorium
600 3522 723 3585 indixit
753 3523 787 3584 in
819 3521 908 3585 diem
942 3523 1002 3586 3¹²¹1¹
1027 3521 1213 3590 Februarii.
1261 3522 1328 3588 Sed
1356 3527 1431 3585 nocte

326 3621 415 3682 inter
449 3619 632 3683 secundum
675 3629 708 3683 et
742 3622 875 3684 tertium
910 3620 998 3684 diem
1040 3619 1275 3703 interlabente,
1311 3620 1431 3706 optimus

328 3716 399 3780 Pon
403 3716 500 3800 tifex,
536 3716 626 3781 nullo
659 3717 879 3803 praecedente
908 3718 1040 3830 morbo,
1077 3741 1119 3782 ex
1151 3717 1216 3783 hac
1240 3672 1309 3783 vita
1339 3733 1428 3781 amara

326 3823 488 3878 avocatus
436 3814 631 3895 tfuit,i
620 3824 667 3878 1ta
690 3825 727 3878 ut
750 3837 898 3880 moerore
921 3817 1024 3880 animi
1049 3825 1107 3901 pot
1108 3817 1159 3879 ius
1189 3838 1290 3902 quam
1313 3814 1428 3899 aegritu·

326 3912 408 3975 dine
432 3933 508 3974 eum
532 3911 711 3976 decessisse
735 3913 871 3979 dixeris.

419 4008 639 4075 Clemens
651 4011 787 4092 XIV(
805 4011 955 4074 1769-1
940 4012 1109 4092 17.74)
1124 4013 1164 4075 In
1181 4004 1426 4097 CollegioCardi

327 4011 473 4189 naliuni,
505 4110 552 4171 uti
579 4109 651 4192 jam
675 4111 827 4194 superius
851 4111 1037 4191 innuimus,
1069 4111 1157 4173 inter
1180 4111 1344 4193 angustias
1364 4116 1425 4167 ten·

328 4226 447 4290 porum
482 4204 606 4290 duplex
639 4217 709 4270 orta
742 4216 791 4270 est
828 4229 932 4292 eaque
965 4209 1116 4292 opposita
1082 4207 1325 4272 tendentia.
1372 4198 1422 4264 Alii
