3020 4908
423 488 466 543 De
480 487 636 543 Marsuam
653 485 838 542 societatibus.
1135 486 1188 541 417

75 633 224 716 mysteria
254 643 353 718 atque
376 653 498 696 arcana
522 630 717 694 abscondita
740 630 912 715 supposita
939 630 1187 713 investigarent,

76 731 151 794 viris
174 729 357 794 audacibus
381 731 511 793 occasio
536 729 613 792 data
637 738 686 792 est
709 737 888 813 systemata
912 726 1090 810 magnifica
1114 749 1188 792 con·

72 826 191 911 fingere
214 828 256 892 de
279 825 391 892 indole
415 829 608 891 societatum
633 836 666 890 ct
689 827 780 890 miris
795 825 902 890 modis
925 827 1095 910 imponere
1119 824 1188 910 plu·

71 927 169 990 rimis.
214 927 293 990 Max
325 948 345 988 a
371 924 574 1011 quibusdam
600 923 757 988 membris
789 922 946 988 videlicet
969 944 1007 988 ea
1038 922 1188 988 doctrina

72 1046 178 1108 sparsa
208 1035 276 1108 est,
306 1025 621 1088 Francomuratores
651 1022 814 1086 cohaerere
838 1045 905 1085 cum
928 1022 1068 1106 antiquis
1096 1021 1188 1086 Ordi-

69 1121 159 1186 nibus
179 1122 389 1200 militaribus,
421 1131 454 1184 et
477 1109 555 1184 inde
580 1119 701 1184 multos
722 1119 847 1205 gradus
877 1119 1026 1183 diversos
1049 1118 1188 1184 induxe-

70 1230 160 1294 runt;
190 1222 297 1306 ipsam
322 1219 495 1283 historiam
519 1218 645 1282 ordinis
675 1228 786 1283 autem
811 1228 848 1282 ut
870 1239 1029 1282 arcanum
1057 1225 1187 1282 tantum

69 1316 191 1382 ultimis
220 1317 380 1402 gradibus
404 1326 519 1381 notum
550 1324 801 1402 proposuerunt.
848 1313 1048 1379 Praesertim
1080 1336 1118 1378 ea
1142 1314 1187 1379 fa·

71 1414 142 1480 bula
160 1416 233 1501 jam
249 1437 367 1498 versus
382 1435 508 1478 aunum
526 1413 613 1478 17411
636 1415 670 1477 in
687 1411 798 1478 Gallia
822 1411 944 1476 diffusa
960 1423 1021 1492 est,
1044 1412 1184 1476 Franco·

69 1523 245 1578 muratores
273 1536 344 1577 esse
375 1513 640 1576 continuationem
668 1510 800 1576 Ordinis
827 1509 1097 1596 Templaou‘ooum,
1132 1511 1186 1576 do·

69 1622 219 1676 cumenta
242 1611 327 1675 falsa
351 1610 502 1674 confecta
523 1619 601 1673 sunt
623 1619 656 1673 et
679 1608 817 1674 historia
840 1631 881 1672 ac
904 1610 1004 1672 series
1019 1611 1187 1694 magistro·
1284 1655 1288 1666 .

67 1731 135 1772 rum
159 1719 360 1774 secretorum
392 1708 472 1773 inde
493 1731 514 1771 a
536 1707 665 1772 Jacobo
689 1706 802 1790 Molay
833 1708 1003 1791 proposita
1027 1717 1085 1772 est.
1132 1706 1186 1774 Se·

69 1806 210 1871 cundum
234 1806 296 1870 has
320 1807 493 1891 opiniones
507 1828 622 1887 vanas,
647 1827 732 1891 quae
756 1827 775 1868 a
792 1803 904 1868 multis
918 1804 1018 1869 avide
1033 1816 1186 1891 receptae

68 1914 157 1986 sunt,
188 1905 424 1972 solemnitates.
439 1906 539 1968 etiam
570 1913 602 1968 et
624 1905 708 1967 ritus
732 1901 1016 1988 splendidissimos
1039 1904 1187 1968 institue·

69 2013 149 2068 runt.
196 2003 273 2067 Hac
297 2000 398 2087 igitu'r
420 2003 548 2065 ratione
572 2003 606 2064 in
623 2002 726 2064 variis
750 1998 971 2064 conventibus
996 2000 1186 2066 tendentiae

68 2098 219 2164 deisticae
245 2121 280 2164 se
304 2101 487 2164 immiscuit
517 2099 680 2163 tendentia
700 2099 965 2185 psendomystica.
1011 2100 1051 2162 In
1076 2098 1186 2166 Gallia

67 2196 190 2262 celebre
214 2198 280 2262 fuit
307 2195 489 2283 Capitulum
516 2195 808 2279 Claromontanum,
834 2195 975 2282 quoda.
1002 2198 1088 2262 1754
1112 2221 1186 2264 eon·

67 2292 165 2358 ditum
191 2295 316 2360 dieitur
340 2295 383 2360 ab
407 2297 517 2381 equite
542 2295 583 2359 de
606 2293 813 2361 Bonneville.
860 2295 898 2358 In
915 2292 1095 2359 Germania
1118 2305 1186 2361 ten·

66 2389 171 2456 dantia
203 2395 268 2457 ista
299 2393 567 2478 pseudamystica
598 2414 714 2456 versus
748 2415 777 2458 a.
804 2391 891 2456 1760
923 2403 1104 2478 propagata
1137 2405 1186 2460 est

66 2490 255 2576 perplures
280 2492 369 2554 viros
399 2493 521 2576 partim
546 2490 720 2575 deceptos,
752 2491 799 2554 ita
822 2500 859 2553 ut
881 2491 990 2576 reipsa
1013 2493 1186 2576 opinaren-

64 2595 113 2650 tur
134 2611 168 2652 se
192 2590 410 2674 antiquorum
433 2587 698 2674 Templariorum
723 2609 927 2653 successores
950 2611 1035 2670 esse,
1064 2592 1185 2674 partim

66 2682 253 2772 deceptores
290 2688 346 2772 qui
371 2708 430 2750 sua
454 2686 629 2751 conrmada
658 2685 775 2750 fraude
799 2685 951 2750 adhibita
982 2687 1186 2772 quaerebant

65 2782 187 2870 sibique
204 2783 448 2871 comparabant
464 2785 610 2850 divitias.
643 2783 780 2848 Praeter
796 2783 953 2848 confictos
970 2782 1042 2848 illos
1058 2789 1185 2871 equites

64 2882 249 2966 templarios
280 2905 340 2969 per
371 2882 497 2970 aliquot
526 2904 631 2947 annos
660 2883 760 2946 etiam
791 2883 872 2946 socii
899 2880 1007 2947 (lucis
1036 2905 1184 2949 rasarone

63 2978 180 3044 similes
203 2980 393 3044 tendentias
417 2979 650 3066 sequebantur.

119 3077 200 3143 ¹52.
250 3076 385 3142 Ultimis
426 3077 548 3142 saeculi
585 3076 688 3161 elapsi
725 3076 895 3141 decenniis
924 3076 1183 3144 Illnminatorum
1206 3080 1340 3121 mummi·

64 3194 190 3261 quoque
224 3178 363 3240 societas
395 3198 433 3240 se
452 3177 667 3262 propagavit,
704 3195 780 3239 cum
813 3163 967 3261 permulti
991 3176 1183 3240 Massonum

65 3285 247 3339 conventus
275 3276 310 3338 in
333 3273 443 3339 Gallia
467 3284 499 3336 et
521 3271 702 3337 Germania
726 3271 814 3337 hanc
839 3274 1029 3338 societatem
1051 3275 1182 3341 inirent.

65 3368 170 3457 Hujus
202 3384 311 3438 sectae
335 3382 451 3436 auctor
473 3395 560 3436 anno
588 3372 673 3436 1776
705 3373 832 3435 exstitit
854 3371 961 3435 Adam
992 3373 1183 3458 Weialtanpt,

60 3464 142 3550 juris
166 3473 320 3536 canonici
335 3470 532 3556 ingolstadii
555 3471 728 3555 professor,
754 3470 808 3533 cui
831 3467 1023 3554 paulopost
1046 3471 1185 3534 accessit

64 3564 226 3654 Adoipbus
240 3570 278 3632 de
290 3570 412 3656 Knippe
427 3567 548 3632 nobilis
561 3568 841 3633 Hannoveranus.
876 3567 922 3632 Ut
936 3567 1071 3631 ultimus
1083 3567 1184 3652 hujus

62 3663 184 3730 ordinis
207 3666 283 3730 finis
308 3687 464 3750 expresse
480 3667 678 3730 constitutus
700 3676 771 3730 erat
792 3664 956 3750 reiipionia
979 3676 1008 3728 et
1022 3666 1184 3752 repiminab

62 3761 161 3827 civilis
191 3764 372 3852 adrogatio,
408 3767 443 3828 in
475 3786 613 3850 quorum
638 3763 747 3827 locum
780 3763 962 3827 dictamina
984 3764 1121 3827 rationis
1151 3773 1184 3828 et

63 3862 207 3942 regimen
233 3861 468 3947 domesticum,
495 3863 583 3948 quod
607 3862 828 3948 patriarchale
852 3860 1034 3944 vocabant,
1066 3860 1183 3926 substi-

62 3961 215 4041 tueretur,
241 3960 285 4023 ita
303 3970 340 4024 ut
363 3963 474 4046 quivis
491 3960 728 4047 paterfamilias
751 3959 898 4024 familiae
915 3981 994 4024 suae
1008 3981 1069 4022 rex
1085 3958 1183 4024 simul

64 4060 95 4114 et
116 4056 268 4122 sacerdos
299 4069 393 4123 esset
439 4059 506 4123 Hic
529 4058 606 4123 finis
630 4061 735 4123 socios
758 4057 900 4140 latebat,
933 4067 967 4122 et
988 4059 1030 4121 iis
1052 4067 1182 4122 tantum

63 4151 194 4230 patebat
227 4157 284 4241 qui
315 4178 375 4240 per
405 4157 579 4220 inferiores
606 4155 729 4240 gradus
765 4155 896 4242 probati
927 4154 969 4219 ad
1001 4176 1181 4239 supremos,

64 4249 116 4328 qui
140 4263 233 4317 erant
261 4255 344 4338 repis
368 4264 401 4317 et
423 4256 518 4340 napi,
542 4255 781 4339 pervenissent.
830 4255 892 4318 His
922 4254 1085 4339 supremis
1109 4275 1181 4338 pro·

118 4364 257 4420 Jungmann,
273 4369 460 4411 Dissertationes.
475 4372 540 4410 Tam.
557 4371 608 4410 vn.
986 4361 1020 4414 27
