2964 4912
176 989 294 1032 Saeculum

174 1055 296 1096 decimum·

177 1119 289 1166 quintum.

326 451 379 505 314
581 451 653 508 XLI.
689 453 730 508 De
749 451 939 509 Declaratione
956 452 1031 514 Cleri
1051 451 1194 506 Gallicani.

327 595 620 681 independentiam
661 606 693 660 et
726 597 922 680 dignitatem
957 619 976 659 a
1008 595 1170 660 Pontifice
1204 599 1239 661 in
1274 597 1431 662 discrimen

327 695 439 758 vocari
463 694 527 758 sibi
548 695 720 780 fingerent.
760 695 918 780 Episcopi
935 716 1013 758 vero
1038 694 1222 780 complures
1239 695 1375 781 pavidos
1394 699 1431 760 ni·

326 795 496 878 miumque
517 795 587 878 regi
604 793 754 858 addictos
773 795 809 857 in
823 793 912 857 lucta
929 794 992 856 ista
1009 815 1079 856 sese
1093 793 1329 877 praebuerunt,
1353 795 1394 857 ita
1405 803 1433 857 nt

325 890 512 954 Bonifatius
536 891 725 975 adigeretur
748 893 896 956 severius
920 912 974 954 eos
999 890 1040 955 de
1064 889 1172 954 officio
1198 913 1257 955 suo
1283 913 1414 957 monere.

415 991 445 1055 4.
486 989 560 1069 Quo
583 1001 731 1075 tempore
747 989 925 1053 Pontifices
944 987 1119 1052 Avenione
1144 990 1339 1052 commorati
1362 997 1431 1068 sunt,

325 1087 473 1151 influxus
504 1108 620 1170 regum
655 1087 784 1152 Galliae
817 1089 850 1151 in
884 1109 939 1150 eos
972 1096 1088 1151 auctus
1122 1095 1186 1167 est,
1222 1108 1336 1150 eorum
1369 1108 1431 1148 vero

324 1188 502 1250 auctoritas
525 1187 717 1268 imminuta3
753 1186 849 1250 simul
868 1184 1149 1270 particulariorum
1172 1183 1350 1248 matronalis
1376 1193 1432 1246 tum

323 1281 494 1348 Gallorum
538 1293 607 1348 tum
641 1284 781 1348 aliarum
814 1285 987 1348 nationum
1029 1304 1067 1346 ea
1099 1291 1206 1345 aetate
1237 1284 1432 1346 incrementa

303 1381 440 1446 -habuit
470 1403 601 1467 magna.
650 1383 795 1447 Funesto
820 1381 1013 1446 Occidentis
1044 1379 1221 1443 schismate
1254 1381 1333 1444 dein
1355 1381 1432 1442 inva-

321 1480 384 1543 luit
407 1481 513 1565 magis
538 1481 710 1565 magisque
735 1479 923 1543 diffidentia
947 1481 981 1541 in
996 1477 1184 1558 Pontifices,
1210 1478 1432 1562 doctrinaeque

321 1581 510 1642 auctoritati
543 1601 567 1643 s.
593 1577 688 1642 Sedis
719 1579 840 1641 noxiae
865 1578 965 1640 etiam
996 1577 1083 1639 inter
1106 1575 1275 1658 theologos
1307 1574 1433 1638 asseclas

321 1679 531 1742 invenerunt.
578 1677 617 1740 In
642 1677 869 1741 Universitate
892 1675 1072 1738 Parisiensi
1096 1696 1116 1736 a
1139 1673 1342 1758 quibusdam
1364 1674 1434 1735 viris

321 1776 463 1858 eximiis,
488 1776 536 1838 uti
560 1797 580 1838 a
600 1775 697 1838 Petro
722 1773 764 1837 ab
782 1772 911 1838 Alliaco
935 1782 967 1836 61
982 1771 1139 1854 Gersone,
1164 1770 1432 1856 quemadmodum

321 1874 476 1954 vidimus,
502 1881 647 1958 potestas
661 1871 832 1958 pontificia
849 1869 1108 1957 deprimebatur.
1148 1867 1342 1934 Secundum
1356 1867 1431 1930 theo-

319 1972 385 2034 rias
409 1969 539 2045 illorum
565 1973 729 2050 virorum,
754 1971 810 2054 qui
835 1969 955 2033 multos
980 1971 1138 2032 invenere
1162 1988 1336 2051 sequaces,
1360 1966 1431 2029 Con-

320 2067 396 2131 cilia
420 2069 634 2132 oecumenica
659 2069 829 2151 superiora
861 2088 930 2130 esse
955 2063 1176 2129 censebantur
1199 2063 1356 2128 Pontifici
1379 2085 1429 2126 ma·

313 2166 463 2251 jorisque
487 2167 710 2246 auctoritatis3
735 2165 887 2230 Ecclesia
903 2186 992 2245 vero,
1018 2165 1172 2248 quamvis
1193 2162 1228 2226 id
1244 2161 1358 2224 verbis
1378 2183 1428 2224 non

319 2263 482 2346 dicerent,
514 2263 556 2327 ab
581 2265 663 2350 ipsis
681 2263 965 2327 considerabatur
988 2260 1090 2324 veluti
1115 2259 1306 2347 respublica
1335 2261 1428 2322 aristo·

318 2363 441 2425 cretica
464 2361 518 2425 vel
543 2361 782 2443 democratica,
812 2361 907 2446 cujus
932 2380 1122 2444 supremum
1147 2356 1336 2422 membrum
1361 2364 1428 2420 esset

316 2458 418 2544 Papa.
466 2458 642 2523 Plenitudo
673 2460 879 2523 auctoritatis
916 2468 949 2522 et
981 2457 1226 2543 jurisdictionis
1265 2456 1371 2540 ipsius
1404 2455 1424 2515 in

317 2558 507 2620 universam
532 2556 717 2620 Ecclesiam
751 2579 827 2620 eum
852 2577 965 2619 eorum
990 2556 1140 2619 doctrina
1173 2553 1346 2617 conciliari
1376 2572 1426 2614 non

319 2663 455 2738 poterat,
481 2664 512 2718 et
536 2656 690 2740 quamvis
707 2655 872 2739 principia
896 2676 955 2717 sua
979 2653 1021 2716 ad
1037 2653 1170 2716 ultimas
1188 2652 1426 2736 consequentias

317 2773 383 2816 non
415 2751 617 2816 deducerent
646 2762 678 2816 et
701 2751 871 2816 Ecclesiae
895 2761 1005 2815 essent
1028 2749 1126 2814 valde
1151 2749 1296 2830 addicti,
1334 2760 1424 2813 tamen

317 2849 487 2913 doctrinae
511 2852 593 2913 istae
617 2858 711 2914 erant
734 2848 889 2934 periculis
913 2848 1041 2934 plenae.

404 2947 433 3010 5.
476 2946 589 3027 Quum
620 2945 835 3036 <reconcilio
859 2945 1042 3010 Basileensi
1073 2947 1159 3008 inter
1181 2944 1377 3009 Pontificem
1402 2953 1425 3003 et

316 3043 445 3108 Galliae
468 3066 580 3128 regem
604 3045 678 3110 lites
702 3047 913 3127 exarsissent,
937 3044 1062 3130 prodiit
1078 3067 1107 3106 a.
1128 3043 1212 3106 1438
1231 3042 1343 3108 Caroli
1358 3039 1425 3104 Vlll

316 3140 445 3205 Sanctio
464 3145 678 3228 praqmatica,
705 3165 805 3228 quam
830 3142 996 3208 Gallicani
1020 3140 1231 3227 postmodum
1257 3139 1424 3205 considera·

314 3246 392 3302 runt
414 3248 451 3303 ut
474 3238 656 3324 palladium
677 3242 895 3325 praecipuum
919 3239 1109 3304 libertatum
1129 3259 1275 3303 suarum.
1321 3237 1424 3318 Quam·

316 3337 366 3400 vis
391 3338 425 3400 in
449 3337 566 3401 eadem
591 3338 701 3424 plures
725 3348 834 3402 essent
858 3338 1089 3422 dispositiones
1114 3334 1286 3418 salutares,
1312 3336 1424 3399 nniver-

314 3435 376 3497 sim
400 3444 511 3498 tamen
530 3435 618 3501 baec
643 3437 769 3500 sanctio
794 3434 934 3520 illegalis
950 3434 1047 3499 valde
1069 3434 1170 3498 noxia
1192 3443 1273 3499 erat.
1313 3433 1422 3497 Etdem

313 3531 467 3595 Pontifici
511 3535 618 3596 omnis
666 3533 735 3596 fere
784 3532 987 3618 eripiebatur
1035 3540 1201 3618 potestas,
1251 3552 1350 3616 qnam
1388 3525 1421 3591 ad

312 3651 364 3692 res
392 3629 632 3694 ecclesiasticas
663 3629 793 3695 Galliae
825 3630 1048 3715 disponendas
1081 3630 1159 3715 jure
1183 3628 1346 3709 habebat,
1377 3627 1422 3711 jus

313 3727 383 3811 ejus
416 3729 450 3790 in
484 3727 692 3792 conferendis
726 3729 972 3814 episcopatibus
1009 3727 1149 3812 aliisque
1182 3725 1354 3791 beneficiis
1382 3745 1421 3787 ec-

313 3821 505 3888 clesiasticis
536 3825 786 3902 destruebatur3
827 3825 1106 3911 appellationibus
1130 3825 1271 3889 Romam
1296 3826 1419 3906 dirigen-

313 3918 364 3983 dis
393 3943 522 3986 summa
553 3923 806 4009 opponebantur
837 3924 1092 4008 impedimenta,
1124 3932 1157 3986 et
1184 3921 1333 3987 subsidia
1359 3941 1417 3983 con·

313 4018 497 4102 venientia,
529 4023 577 4084 uti
601 4031 760 4104 annatae,
795 4045 907 4086 sacrae
932 4021 1010 4088 Sodi
1035 4020 1296 4105 denegabantur.
1341 4020 1416 4082 Pote-

312 4116 387 4178 stati
420 4125 531 4180 autem
556 4119 646 4183 civili
681 4121 847 4185 maximus
872 4120 1020 4184 influxus
1053 4122 1087 4184 in
1111 4142 1164 4183 res
1196 4118 1416 4182 ecclesiasticas

311 4211 575 4297 adjudicabatur.
624 4216 678 4279 Ad
701 4237 771 4280 rem
796 4219 843 4280 ait
859 4217 976 4282 Petrus
1001 4218 1053 4281 De
1069 4217 1191 4299 Marca,
1217 4227 1330 4281 auctor
1351 4230 1413 4277 sane
