2964 4912
344 455 467 508 Eventus
487 451 671 507 Declarationi
688 451 803 519 praevii.
1081 451 1133 506 331

32 601 103 663 cani.
145 599 181 662 1⁰
203 599 277 662 Non
310 619 379 661 esse
412 597 597 661 doctrinam
630 595 830 680 Facultatis‚
867 596 955 678 quod
987 616 1135 658 summus
1157 592 1290 695 ssjffi‘ff

30 696 169 759 Pontifex
193 695 338 780 aliquam
364 696 397 759 in
421 694 617 780 temporalia
639 695 726 778 regis
744 693 1009 758 christianissimi
1026 701 1135 757 aucto·
1284 683 1292 694 ⁸

30 796 144 858 ritatem
175 794 314 875 babeat3
350 795 415 858 imo
441 794 650 858 Facultatem
681 815 811 878 semper
838 793 1003 857 obstitisse
1034 792 1134 854 etiam

30 893 77 970 iis,
109 893 163 976 qui
197 892 392 955 indirectam
424 891 653 956 tantummodo
685 913 756 954 esse
784 890 874 954 illam
906 891 1135 953 auctoritatem

30 988 198 1054 voluerunt.
222 1026 263 1036 -
290 989 327 1052 2⁰
350 989 431 1052 Esse
456 989 641 1053 doctrinam
658 988 840 1052 Facultatis
864 987 1022 1073 ejusdem,
1047 984 1136 1072 quod

29 1107 77 1148 rex
98 1085 389 1150 christianissimus
413 1086 538 1151 nullam
563 1088 697 1150 omnino
721 1088 871 1170 agnoscit
895 1083 1078 1150 nechabet
1100 1085 1135 1147 in

28 1183 250 1268 temporalibus
285 1185 504 1269 superiorem,
541 1194 671 1269 praeter
703 1185 830 1264 Deum,
867 1203 1006 1269 eamque
1042 1203 1135 1244 suam

28 1301 87 1344 esss
108 1284 280 1368 antiquam
296 1281 491 1366 doctrinam,
517 1304 535 1345 e
555 1304 621 1367 qua
638 1304 810 1366 nunquam
831 1303 1001 1346 recessura
1017 1289 1074 1343 est.
1092 1317 1135 1326 —

28 1378 57 1439 3⁰
77 1381 270 1444 Doctrinam
293 1378 477 1444 Facultatis
502 1402 590 1461 esse,
619 1380 708 1466 quod
732 1379 856 1444 subditi
881 1379 1038 1456 fidemet
1061 1376 1135 1441 obe·

28 1475 173 1541 dientiam
205 1479 276 1560 regi
301 1476 575 1542 christianissimo
600 1479 646 1541 ita
671 1477 809 1558 debent,
846 1489 882 1542 ut
906 1477 948 1541 ab
972 1478 1013 1540 iis
1045 1473 1135 1539 nullo

28 1584 185 1656 praetextu
218 1573 404 1660 dispensari
429 1577 565 1660 possint.
596 1613 639 1624 -
673 1576 710 1639 4⁰
733 1576 929 1640 Doctrinam
953 1573 1135 1639 Facultatis

29 1691 95 1751 esse,
118 1694 183 1737 non
207 1672 350 1757 probare
374 1695 602 1758 necunquam
623 1673 780 1758 probasse
796 1675 1035 1758 propositiones
1052 1671 1136 1736 ullas

28 1771 99 1852 regis
133 1769 402 1834 christianissimi
437 1773 642 1852 auctoritati,
679 1781 736 1835 aut
769 1773 938 1856 germanis
965 1769 1136 1834 Ecclesiae

29 1865 206 1932 Gallicanae
230 1866 440 1932 libertatibus
464 1877 496 1932 et
518 1870 659 1952 receptis
682 1870 717 1932 in
740 1891 841 1953 regno
857 1868 1042 1934 canonibus
1061 1889 1135 1932 con·

28 1967 146 2048 trarias3
181 1965 278 2030 verbi
302 1968 408 2050 gratia
442 1967 530 2051 quod
555 1988 703 2030 summus
726 1966 879 2031 Pontifex
912 1967 1016 2051 possit
1038 1965 1134 2051 depo-

28 2083 91 2125 nere
114 2066 286 2149 episcopos
310 2063 470 2128 adversus
487 2065 620 2128 cosdem
637 2086 790 2130 canones.
813 2102 856 2112 -—
875 2065 914 2130 5⁰
937 2065 1134 2128 Doctrinam

29 2159 194 2227 facultatis
219 2183 286 2226 non
311 2183 390 2243 esse,
417 2162 504 2247 quod
528 2184 676 2226 summus
692 2162 846 2226 Pontifex
870 2163 912 2225 sit
935 2184 1035 2247 supra
1051 2161 1135 2225 Con-

27 2257 124 2323 cilium
148 2261 412 2326 oecumenicum.
444 2299 487 2307 —
516 2261 554 2325 6⁰
577 2260 652 2324 Non
677 2282 747 2324 esse
772 2260 956 2324 doctrinam
980 2259 1034 2324 vel
1058 2259 1135 2342 dog-

28 2377 70 2419 nra
95 2360 293 2444 Facultatis‚
330 2359 419 2445 quod
452 2382 601 2424 summus
625 2359 797 2439 Pontifex,
833 2357 922 2422 nullo
955 2357 1136 2422 accedente

27 2453 181 2522 Ecclesiae
207 2478 387 2538 consensu,
423 2459 465 2521 sit
489 2456 684 2523 infallibilis.
709 2496 751 2504 -
776 2456 888 2522 Facile
914 2456 1023 2537 vides,
1059 2456 1134 2518 aiti-

27 2553 103 2618 culos
133 2558 213 2620 istos
245 2554 343 2618 modo
375 2576 460 2639 vago
493 2567 525 2618 et
554 2577 672 2640 parum
702 2558 850 2640 praeciso
880 2553 1134 2640 comprehensos

27 2670 91 2730 esse,
115 2664 156 2735 et,
180 2655 361 2740 praecipue
378 2652 487 2738 quoad
505 2655 744 2738 propositiones
760 2655 915 2736 negative
935 2654 1133 2733 enuntiatas,

27 2749 148 2832 singulis
165 2750 356 2817 doctoribus
370 2750 512 2837 relinqui
527 2750 713 2816 libertatem
729 2752 845 2816 tuendi
858 2752 1024 2816 doctrinas
1041 2750 1132 2816 alias.

28 2841 199 2914 Declaratio
231 2848 314 2913 baec
343 2850 423 2932 regi,
449 2850 608 2913 ministris
637 2858 669 2913 et
697 2851 809 2914 curiae
832 2851 956 2932 regiae,
985 2847 1028 2912 ad
1052 2869 1135 2933 quos

28 2941 158 3027 deputati
173 2968 250 3010 cum
267 2945 516 3032 archiepiscopo
530 2947 710 3012 Parisiensi
728 2949 818 3011 missi
832 2956 926 3011 erant
939 2955 975 3009 ut
991 2967 1063 3009 eam
1080 2945 1133 3009 de-

29 3037 148 3125 ferrent,
179 3045 394 3108 vehementer
417 3043 556 3130 probata
580 3055 638 3108 est.
686 3044 781 3124 Quae
805 3068 906 3131 quum
932 3046 966 3108 in
991 3044 1134 3107 comitiis

27 3133 194 3206 Facultatis
229 3143 500 3206 extraordinariis
533 3142 586 3206 die
622 3143 680 3206 11⁰
713 3142 793 3228 Maji
826 3165 855 3207 a.
892 3143 976 3207 1663
1010 3141 1133 3205 habitis

25 3233 113 3301 relata
142 3248 269 3321 essent,
301 3240 473 3325 praedicta
504 3241 625 3318 omnia,
650 3239 690 3304 ab
713 3239 931 3305 Illastrissa'mo
956 3241 1135 3304 Parisieast'

25 3331 253 3424 archiepiscopo
285 3339 448 3425 deaipnato
472 3340 596 3402 nomiae
620 3339 795 3402 Facultates
819 3339 909 3425 apud
930 3361 1032 3424 rapam
1054 3338 1132 3400 cbri-

24 3430 239 3499 stiaaissimam
274 3448 362 3515 acta,
405 3459 509 3500 amaea
545 3447 573 3499 et
607 3435 726 3522 sitopoli
759 3439 904 3522 mapistrt'
938 3436 1133 3523 approbasse

25 3523 208 3619 dicuntur.¹)
265 3534 330 3599 Sed
363 3535 503 3600 multum
539 3557 655 3599 revera
687 3534 810 3617 abfuit,
846 3548 883 3599 ut
916 3535 999 3598 haec
1031 3536 1132 3599 totius

25 3621 191 3694 facultatis
227 3654 389 3696 consensu
425 3642 610 3716 agerentur.
665 3632 816 3717 Magistri
851 3635 938 3698 enim
976 3643 1065 3696 metu
1100 3641 1133 3696 et

25 3725 111 3790 minis
135 3732 239 3794 coacti
263 3740 455 3812 tacuerunt,
480 3753 620 3816 quorum
645 3731 813 3796 silentium
837 3734 878 3813 ii,
904 3730 1024 3817 quibus
1048 3730 1132 3794 nibil

24 3826 106 3900 pensi
128 3837 213 3909 erat,
238 3828 399 3892 fallaciter
423 3831 629 3914 interpretati
653 3839 739 3910 sunt,
764 3832 857 3915 quasi
880 3829 1035 3893 Facultas
1059 3830 1133 3913 ipsa

24 3913 278 3990 Declarationcm
311 3927 535 4012 approbasset.
582 3927 670 3992 Illud
704 3935 791 3990 certe
816 3937 958 4006 constat,
995 3948 1056 3989 nec
1090 3926 1131 3990 de

25 4033 74 4076 sex
96 4019 158 4084 illis
174 4025 321 4089 articulis
339 4026 439 4091 ullam
459 4049 500 4090 ex
517 4047 607 4089 more
624 4023 896 4089 deliberationem
912 4047 981 4088 esse
997 4025 1130 4107 factam,

24 4141 159 4157 'Ru-
177 4154 196 4157 --
209 4154 219 4158 .-

90 4225 109 4291 1)
128 4226 266 4284 Cortclusio
279 4245 300 4286 s.
313 4229 375 4286 Fac.
386 4229 477 4284 Theol.
492 4230 515 4285 d.
530 4231 554 4285 d.
572 4233 580 4281 l
593 4235 611 4282 ἰ.
623 4229 695 4293 Maii,
715 4229 743 4281 in
757 4228 866 4284 Collect.
878 4228 940 4281 Lae.
953 4228 983 4283 T.
995 4228 1017 4282 1.
1031 4245 1056 4296 p.
1067 4228 1131 4284 sta.
