3336 4908
496 394 548 448 184
690 395 817 452 XXXIX.
838 396 877 449 De
896 400 972 449 statu
991 395 1091 451 Eccles.
1112 400 1237 449 vertente
1256 409 1325 452 saec.
1346 394 1419 448 XVI.

443 509 445 512 ι
488 549 566 624 post
593 520 765 602 Concilium.
792 538 1030 621 Tridentinnnt,
1063 539 1140 602 dein
1174 540 1212 602 de
1236 541 1390 602 Ronrnna'a
1414 539 1591 620 Pontificibus

352 858 470 898 Amatores.

494 637 586 726 bajas
610 640 734 715 aetatis,
764 659 803 699 ac
828 637 961 700 demum
986 637 1024 699 de
1048 639 1268 700 controversiis
1293 636 1478 722 quibasdam
1499 638 1530 698 ln
1550 637 1591 697 Ec-

494 731 590 796 clesia
614 733 741 798 obortis.

584 851 614 914 2.
640 849 775 914 Consuli
800 861 938 935 possunt
962 850 1000 913 ds
1017 852 1118 914 variis
1135 849 1225 913 hisce
1241 850 1425 935 capitibus:
1452 848 1593 932 Raynaldi

494 945 637 1010 Annales
653 972 682 1011 α.
699 950 788 1012 1550
804 971 865 1032 sqq.
875 972 886 1026 ‚·
909 947 1025 1029 Balan,
1043 946 1152 1011 Stora‘n
1166 949 1299 1012 d'Itula'n
1322 949 1388 1011 Vol.
1410 949 1468 1029 VI3
1488 947 1594 1019 llanke,

494 1047 556 1108 Die
589 1048 674 1109 Rom.
707 1048 824 1130 Pe'tpate
859 1048 902 1109 im
933 1049 985 1111 16.
1017 1047 1084 1110 and
1119 1050 1170 1112 17.
1203 1047 1432 1124 Jalrrlennolert,
1471 1046 1509 1118 5.,
1524 1044 1594 1108 Aufl.

494 1143 754 1228 Leipzigtsssst.
787 1145 947 1229 (Histoire
971 1145 1008 1206 de
1033 1143 1066 1207 lu
1084 1147 1232 1230 papante
1246 1145 1395 1230 pendant
1427 1145 1455 1208 le
1477 1145 1596 1206 celeiene

495 1251 524 1302 et
553 1241 759 1327 dinaeptr'eme
790 1242 891 1320 siecle,
932 1241 1057 1306 traduit
1093 1265 1153 1326 par
1185 1242 1332 1321 Hauber,
1369 1243 1462 1306 Paris
1501 1242 1594 1322 1838);

495 1339 669 1421 Reumont,
699 1338 807 1403 Gesclr.
833 1341 890 1403 olen
914 1339 1010 1404 Stadt
1035 1343 1124 1405 Rern.
1153 1342 1187 1404 T.
1214 1342 1285 1419 III;
1316 1339 1468 1419 Fullonia,
1499 1341 1547 1402 Vie
1568 1340 1595 1401 (le

493 1437 584 1499 aPr'e
600 1437 641 1517 V‚·
658 1437 807 1521 Hiibner‚
826 1436 1042 1521 Sinte-Qnint,
1063 1439 1162 1519 18703
1188 1437 1437 1521 Hergenrbther
1452 1439 1491 1501 K.
1506 1437 1595 1502 Geaol.

500 1534 534 1597 V.
560 1535 603 1598 II.
643 1537 710 1598 Per.
742 1536 810 1599 VII.
855 1533 921 1621 Cup
958 1537 1000 1600 II.
1037 1559 1111 1599 cum
1144 1539 1230 1600 notis
1260 1536 1357 1603 litter.
1391 1538 1423 1599 in
1463 1535 1527 1599 Vol.
1549 1535 1596 1597 lll.

495 1632 557 1717 (ed.
577 1637 594 1696 1
600 1683 606 1694 .
606 1633 624 1717 )
644 1658 679 1718 p.
698 1636 773 1697 477.
799 1633 905 1719 §276
922 1657 997 1718 app„
1023 1635 1080 1696 ubi
1097 1636 1273 1718 scriptores
1287 1633 1449 1718 plurimos
1466 1635 1598 1696 invenies

495 1733 619 1795 citatos.
645 1731 675 1792 V
677 1733 747 1794 aria
764 1746 895 1817 quoque
912 1754 1011 1816 opera
1036 1734 1069 1795 in
1086 1734 1158 1817 ipsa
1172 1733 1411 1796 Dissertatione
1430 1732 1596 1796 citabimus.

1038 2155 1157 2216 L*

592 2304 657 2367 De
674 2303 941 2383 fettctsetrnts
964 2304 1185 2384 nettpebne‘s
1209 2309 1247 2366 et
1269 2305 1520 2383 discepltnue
1645 2386 1646 2399 ἵ

560 2403 831 2475 incrementis
855 2407 951 2480 post
979 2401 1212 2466 Conctte'nm
1241 2403 1544 2466 Iridenttnnnn

584 2579 614 2643 3.
662 2578 828 2658 Vidimus,
849 2577 920 2662 jam
945 2586 1021 2640 ante
1047 2575 1234 2640 Concilium
1252 2577 1487 2640 Tridentinum
1513 2580 1542 2641 iu
1564 2597 1599 2638 so·

494 2675 798 2757 cietatecatholiea,
823 2677 1017 2759 praesertim
1043 2676 1076 2737 in
1090 2674 1196 2756 Italia,
1223 2677 1385 2759 incepisse
1410 2676 1599 2738 restauratio·

494 2797 568 2838 nem
594 2774 774 2859 quamdam
798 2772 967 2855 religionis
999 2795 1038 2835 ac
1063 2771 1269 2856 disciplinae,
1302 2795 1341 2836 ac
1374 2777 1504 2837 semina
1525 2775 1600 2857 jacta
1650 2756 1653 2778 l

494 2895 565 2936 esse
589 2872 680 2956 larga
704 2894 814 2952 manu,
850 2893 892 2933 ex
917 2870 1037 2955 quibus
1061 2870 1179 2933 uberes
1203 2871 1381 2955 aliquando
1407 2871 1531 2934 fructus
1553 2867 1601 2932 col-

493 2969 683 3055 ligerentur.
731 2968 887 3053 Synodus
910 2968 1107 3031 Tridentina
1138 2968 1275 3053 ejusque
1306 2991 1479 3033 successus
1502 2969 1600 3032 felicis·

494 3071 597 3131 simus
628 3091 710 3152 opus
734 3068 796 3131 fuit
822 3069 966 3150 insigne,
1000 3089 1039 3129 ae
1064 3066 1165 3130 robur
1191 3065 1417 3130 Catlrolieismi
1445 3069 1478 3130 in
1504 3068 1600 3131 eodem
1652 3149 1653 3154 η

494 3165 669 3250 splendida
706 3167 833 3229 ratione
873 3166 1001 3228 enituit.
1050 3163 1115 3227 Sed
1155 3167 1300 3227 maxime
1331 3175 1406 3249 post
1430 3165 1600 3229 Concilium

494 3265 728 3327 Tridentinum
745 3286 822 3327 acra
834 3263 961 3326 felicior
975 3262 1144 3326 Ecclesiae
1161 3273 1274 3326 secuta
1291 3274 1348 3342 est,
1374 3265 1409 3326 in
1423 3286 1489 3348 qua
1503 3263 1602 3346 religio

495 3362 658 3426 catholica
689 3364 771 3426 miro
797 3362 894 3425 modo
919 3362 1058 3425 interius
1082 3371 1114 3424 et
1139 3363 1284 3424 exterius
1309 3361 1439 3424 firmata
1464 3384 1503 3424 ac
1525 3360 1601 3423 robo-

494 3470 565 3524 rata
601 3462 672 3542 fuit,
712 3461 858 3524 haeresis
887 3481 930 3522 ex
954 3460 1055 3521 variis
1088 3460 1260 3521 territoriis
1292 3459 1406 3543 ejecta,
1446 3477 1601 3541 novaeque

495 3561 646 3650 nationes
670 3557 712 3620 ad
737 3557 914 3621 salutarem
931 3557 1030 3620 fidem
1048 3559 1081 3619 in
1100 3559 1193 3619 terris
1211 3557 1335 3619 dissitis
1350 3557 1515 3620 adductae
1529 3565 1600 3619 sunt.

494 3657 680 3720 Maximum
712 3655 877 3718 influxum
903 3656 1052 3718 exercuit
1076 3653 1230 3737 Synodus
1254 3654 1453 3717 Tridentina
1477 3665 1512 3716 ut
1534 3655 1600 3736 eius·

496 3752 584 3817 modi
610 3774 717 3816 novus
740 3754 908 3838 religionis
933 3755 1028 3836 vigor
1051 3753 1176 3837 ubique
1200 3763 1384 3836 appareret,
1418 3776 1458 3816 ac
1482 3753 1521 3816 de
1544 3751 1601 3813 istis

494 3850 663 3939 religionis
686 3852 899 3915 incrementis
923 3861 1107 3935 opportune
1131 3851 1194 3913 hoc
1218 3850 1288 3913 loco
1313 3873 1461 3935 agemus.

584 3968 615 4030 4.
646 3967 769 4030 Versus
793 3968 893 4030 finem
910 3966 1036 4050 Synodi
1055 3966 1270 4030 Tridentinae
1294 3989 1323 4032 a.
1351 3966 1447 4047 1563,
1474 3969 1506 4030 in
1521 3963 1600 4028 Italia

494 4063 628 4150 quidem
655 4075 753 4149 atque
778 4067 811 4128 in
837 4066 1000 4150 Hispania
1031 4064 1158 4127 haeresi
1188 4064 1345 4148 repagula
1376 4066 1483 4147 posita
1513 4073 1599 4134 erant,

493 4163 552 4226 sed
591 4164 622 4225 in
663 4162 736 4226 aliis
776 4162 967 4246 regionibus
999 4163 1290 4225 Protestantismus
1330 4183 1475 4247 eousque
1512 4159 1600 4240 magis
