3020 4908
334 480 387 535 490
522 478 608 537 XLII.
645 479 686 534 De
704 484 780 536 stetu
799 479 935 534 Ecclesiae
953 493 1022 536 suec.
1043 478 1144 534 decimo
1163 485 1269 537 octavo.

334 623 487 688 Feltrortt‘t‘
501 622 732 690 Juriecoaaalti
754 624 792 686 de
814 633 899 688 atotu
913 623 1084 702 Ecclesiae,
1109 633 1139 687 et
1162 624 1200 687 de
1217 622 1354 710 legit-imo
1367 636 1435 710 pote·
1486 591 1487 634 i

334 734 415 788 atate
440 725 579 788 Romani
603 722 762 805 Pontificio
787 721 867 786 liber
890 722 1080 806 eupatoria,
1115 721 1159 785 od
1181 721 1369 785 reunieudos
1388 723 1435 785 dis·

333 821 471 884 sidentes
493 820 528 884 in
550 817 702 905 redipioae
730 817 932 884 Christianos
954 821 1151 905 compositus.

225 928 311 967 uniue-
420 919 474 985 56.
520 917 678 984 Nicoleus
701 917 742 982 de
759 917 941 982 Hontbeim
966 939 1009 982 ex
1032 917 1136 982 nobili
1160 916 1287 982 familia
1311 916 1438 980 Treviris

332 1017 386 1081 die
410 1017 470 1081 27⁰
493 1017 646 1082 Januarii
671 1038 700 1079 a.
728 1016 811 1080 1701
838 1025 954 1097 natus,
984 1015 1095 1080 studia
1119 1038 1177 1080 sua
1201 1015 1394 1079 humaniora
1413 1015 1439 1077 in

331 1113 467 1198 collegio
486 1114 659 1179 Societatis
670 1113 692 1178 J
694 1135 762 1196 esu,
780 1114 857 1177 dein
873 1114 908 1178 iu
919 1113 1148 1178 Uuiversitate
1164 1112 1290 1177 ibidem
1309 1113 1438 1198 perfecit,
1488 1172 1489 1218 p

330 1223 404 1297 poet
419 1233 496 1276 vero
514 1212 658 1276 Lovanii
681 1211 767 1276 duce
782 1210 858 1275 Van
874 1211 985 1296 Espen
1008 1232 1129 1294 magno
1148 1233 1224 1275 cum
1239 1211 1368 1275 fervore
1385 1211 1440 1295 juri
1488 1227 1489 1230 ’

330 1312 490 1374 canonico
499 1331 633 1395 operam
643 1309 746 1374 dedit.
769 1308 960 1394 lupatriam
970 1309 1210 1373 reversusinde
1218 1308 1261 1373 ab
1272 1332 1360 1374 anno
1371 1309 1440 1372 litt

330 1409 424 1472 varia
438 1429 576 1472 munera
598 1427 719 1492 magno
740 1408 842 1491 gessit
859 1429 934 1470 cum
950 1405 1083 1487 honore,
1109 1416 1143 1470 et
1161 1429 1249 1473 anno
1269 1408 1356 1472 1748
1375 1408 1442 1492 epis·

330 1527 432 1592 copus
453 1506 681 1589 suffraganeus
697 1504 906 1575 Trevirensis
930 1504 1036 1569 factus
1057 1515 1115 1571 est.
1157 1505 1298 1569 Famam
1324 1503 1384 1568 sibi
1402 1525 1442 1566 ac·
1489 1491 1490 1572 i

330 1604 468 1688 quisivit
490 1601 746 1687 historiographi
774 1603 900 1684 eximii,
930 1602 1028 1666 editis
1055 1600 1207 1687 pluribus
1231 1601 1443 1666 voluminibus

329 1723 414 1786 quae
439 1700 609 1766 historiam
623 1701 854 1765 Trevirensem
878 1709 1039 1786 spectant,
1066 1701 1229 1788 (Historia
1249 1700 1443 1764 Trevirensis

330 1798 542 1885 diplomatica
559 1800 581 1863 3
597 1797 673 1864 voll.
689 1797 744 1863 fol.
764 1798 864 1880 1750;
881 1799 1082 1863 Prodromus
1099 1798 1142 1862 ad
1158 1797 1333 1862 historiam
1347 1798 1443 1862 Trevi-

328 1918 459 1962 rensem
483 1898 503 1961 2
528 1896 606 1962 voll.
636 1896 692 1962 fol.
718 1896 835 1983 1757);
870 1897 927 1961 sed
951 1906 1126 1983 postquam
1151 1899 1316 1961 senectuti
1344 1917 1443 1982 appro-
1490 1915 1491 1920 ¹

329 1996 495 2081 pinquans
516 2016 600 2080 opus
616 2005 911 2059 commemoratum
935 2004 1049 2059 contra
1065 1996 1300 2059 auctoritatem
1317 1995 1443 2059 Romam

328 2092 501 2158 Pontificis
525 2092 586 2157 sub
611 2095 768 2158 ementito
783 2093 909 2158 lustini
926 2092 1084 2158 Febronii
1101 2095 1235 2157 nomine
1258 2092 1442 2177 publicavit,
1491 2130 1492 2162 i

328 2189 468 2274 glo-riam
501 2212 595 2255 suam
635 2212 675 2254 ac
708 2192 902 2254 memoriam
942 2191 1135 2255 foedissima
1169 2190 1304 2255 macula
1338 2191 1441 2254 affecit

328 2291 400 2353 Vix
432 2290 521 2353 enim
552 2289 619 2353 dici
650 2297 774 2374 potest,
811 2298 972 2375 quantum
1002 2289 1080 2353 mali
1112 2311 1155 2352 ex
1178 2288 1233 2353 illo
1264 2287 1443 2375 provenerit

327 2385 428 2468 libro,
466 2394 624 2472 quotum
650 2387 714 2450 viri
739 2386 971 2469 ecclesiastici,
1007 2396 1078 2451 tum
1097 2388 1353 2473 jurisconsulti,
1388 2397 1442 2450 tun

328 2486 496 2571 principes
536 2506 716 2570 eorumque
749 2485 937 2549 administri
977 2479 1185 2569 gravissimis
1225 2494 1308 2549 sunt
1341 2483 1441 2549 imbuti
1492 2497 1493 2508 ¹

329 2581 503 2664 erroribus,
529 2593 561 2646 et
584 2583 732 2664 excitati,
757 2591 794 2646 ut
818 2592 933 2647 contra
956 2583 1030 2668 jura
1053 2584 1091 2647 R.
1113 2583 1289 2648 Pontificis
1314 2586 1439 2666 insurge

327 2691 402 2746 rent
437 2691 469 2746 et
503 2681 777 2746 innovationibus
813 2684 881 2746 suis
916 2683 1029 2746 omnia
1063 2680 1245 2747 turbarent.
1305 2681 1441 2766 Systema

328 2779 487 2844 Febronii
519 2780 636 2865 paucis
669 2778 712 2843 ad
736 2778 819 2843 haec
842 2779 957 2844 reduci
989 2788 1114 2864 potest:
1148 2779 1195 2844 Ut
1227 2779 1441 2844 doctrinarum

328 2899 462 2942 suarum
486 2877 741 2942 fundamentum
758 2878 881 2959 statuit,
909 2875 1078 2941 Christum
1096 2875 1243 2941 clavium
1257 2886 1442 2963 potestaten

328 2975 504 3040 universae
527 2975 701 3039 Ecclesiae
731 2997 790 3039 seu
820 2973 969 3039 fidelium
1001 2977 1108 3039 coetui
1139 2976 1333 3041 tradidisse.
1378 2975 1443 3039 Uni·

327 3075 468 3138 versitas
500 3072 649 3137 fidelium
682 3095 756 3137 eam
790 3083 923 3138 exercet
955 3096 1014 3159 per
1037 3075 1206 3138 ministros
1239 3095 1337 3158 suos,
1372 3075 1443 3136 inter

327 3193 410 3258 quos
439 3171 478 3236 R.
502 3171 658 3235 Pontifex
688 3173 833 3257 primum
865 3181 1007 3256 occupat
1037 3170 1164 3253 locum,
1199 3173 1247 3235 ita
1276 3182 1389 3236 tamen
1415 3179 1444 3232 ut

327 3271 414 3354 ipse,
449 3270 544 3332 sicuti
570 3271 670 3333 etiam
695 3270 858 3355 episcopi,
893 3270 1002 3333 coetui
1025 3268 1174 3334 fidelium
1207 3268 1380 3356 subjectus
1401 3268 1442 3331 sit.

326 3367 514 3432 Romanum
537 3366 734 3431 Pontificem
759 3366 836 3430 dein
862 3366 973 3449 docet,
999 3369 1179 3451 primatum
1202 3366 1358 3446 honoris,
1388 3387 1440 3429 non

327 3486 405 3529 vero
431 3464 676 3550 jurisdictionis
699 3463 839 3540 habere;
871 3466 1051 3550 primatum
1075 3487 1142 3529 non
1173 3486 1244 3528 esse
1268 3465 1441 3530 necessario

326 3563 496 3628 Romanae
519 3561 691 3626 Ecclesiae
724 3561 917 3645 alligatum
951 3562 1149 3627 Pontificem
1183 3565 1218 3627 in
1241 3563 1346 3628 rebus
1376 3561 1441 3625 fidei

328 3681 392 3725 uon
426 3682 496 3724 esse
518 3659 746 3743 infallibilem,
783 3682 890 3747 neque
914 3662 948 3723 in
974 3660 1169 3745 disciplinae
1194 3663 1337 3725 materia
1366 3659 1441 3742 leges

327 3759 518 3822 universam
543 3757 727 3822 Ecclesiam
759 3758 944 3842 obligantes
974 3758 1201 3844 praescribere
1230 3779 1339 3843 posse.
1383 3756 1439 3819 Pri-

328 3865 436 3919 matus
460 3856 560 3919 finem,
584 3878 655 3920 esse
679 3857 966 3920 conservationem
991 3858 1137 3939 unitatis,
1161 3865 1195 3920 et
1212 3856 1293 3942 jura
1316 3855 1359 3920 ad
1377 3873 1438 3918 eam

328 3953 590 4018 conservandam
615 3956 801 4018 necessaria
826 3975 896 4017 esse
921 3953 1116 4033 cassanolio,
1140 3953 1269 4040 reliqua
1284 3973 1363 4018 vero
1383 3971 1437 4016 non

328 4053 392 4115 nisi
414 4051 635 4116 accidentalia
660 4074 717 4116 seu
740 4052 928 4117 adventitia
952 4074 1033 4119 esse.
1081 4054 1209 4116 Auctor
1232 4055 1267 4117 in
1285 4052 1352 4116 fine
1373 4048 1436 4114 libri

328 4149 379 4212 sui
402 4149 552 4213 nationes
577 4147 774 4214 christianas
804 4148 1025 4234 provocabat,
1057 4160 1090 4213 et
1112 4149 1225 4214 media
1247 4170 1378 4236 quoque
1398 4148 1435 4210 in·

328 4245 476 4328 dicabat,
506 4246 549 4310 ad
573 4247 836 4331 restringendam
860 4246 1060 4311 Pontificum
1084 4250 1335 4330 auctoritatem,
1358 4242 1435 4308 vide·
