2964 4912
453 505 652 560 Declarationis
671 507 803 573 sequelae.
986 505 989 512 '
1137 509 1188 562 377

56 649 126 712 fert
151 672 260 714 suum.
307 649 489 713 Doctrinae
520 648 723 733 theologicae
753 650 914 735 profectui
945 652 1084 714 noxium
1108 661 1187 731 erat,
1206 655 1349 697 Dttrimffltss

56 748 153 832 quod
195 746 340 830 theologi
377 756 573 832 cogerentur
614 749 803 833 sophisticis
845 747 1188 833 argumentationibus

55 847 239 931 opiniones
268 845 368 909 falsas
398 847 501 927 tueri3
537 855 569 908 et
599 847 785 911 ne'cessario
809 847 925 931 pietati
956 868 1086 932 quoque
1119 855 1190 910 erat

57 944 163 1008 valde
188 946 355 1024 nocivum,
381 943 469 1029 quod
488 942 602 1007 Clarus
619 942 812 1009 Gallicanus
836 943 1022 1008 diffidentia
1043 943 1188 1028 quadam

1215 717 1342 758 subsecuta.

56 1063 183 1125 parum
208 1042 309 1126 digna
331 1042 500 1106 libertates
525 1065 599 1106 suas
623 1053 813 1127 praetensae
838 1052 870 1106 et
894 1042 1060 1107 doctrinas
1084 1065 1188 1107 vanas

55 1149 180 1203 contra
205 1138 397 1205 cathedram
421 1141 510 1204 Petri
540 1141 740 1208 defenderet.
788 1141 899 1204 Etiam
923 1139 1094 1204 Ecclesiae
1118 1143 1187 1205 uni-

56 1237 186 1301 versali
211 1238 333 1302 damna
356 1238 447 1302 haud
471 1240 593 1323 exigua
617 1238 695 1303 inde
720 1249 835 1303 exorta
859 1261 939 1321 esse,
964 1240 1080 1302 merito
1102 1237 1187 1302 affir-

54 1338 147 1400 mari
178 1345 294 1420 potest.
342 1337 477 1399 Etenim
508 1338 733 1401 necessarium
764 1337 880 1401 fuisset
903 1336 1033 1401 saeculo
1059 1336 1186 1399 decimo

52 1443 201 1513 octavo,
237 1443 274 1496 ut
297 1456 411 1498 omnes
436 1435 499 1498 viri
531 1435 618 1498 docti
644 1435 799 1499 catholici
833 1436 935 1499 unitis
958 1434 1087 1498 viribus
1117 1456 1187 1498 sese

50 1542 270 1616 opponerent
292 1532 482 1613 incredulis,
508 1533 565 1618 qui
590 1535 717 1617 ingenti
742 1533 883 1599 audacia
906 1555 946 1596 ac
967 1541 1036 1596 arte
1060 1531 1187 1617 perfida

55 1629 281 1693 christianam
314 1629 506 1714 religionem
549 1631 799 1716 oppugnabant.
855 1629 920 1694 Sed
961 1629 1098 1694 dissidia
1131 1629 1186 1694 1111

53 1730 195 1791 interna
226 1751 310 1814 quae
340 1737 410 1791 tum
435 1729 470 1791 in
495 1727 604 1792 Gallia
634 1738 705 1792 tum
738 1730 774 1792 in
798 1727 871 1792 aliis
894 1727 1086 1810 regionibus
1116 1736 1187 1790 orta

50 1835 155 1907 sunt,
190 1825 330 1889 multum
355 1827 443 1889 vires
467 1824 713 1889 Catholicorum
737 1825 970 1905 debilitarunt,
1004 1826 1050 1890 ita
1074 1834 1110 1888 ut
1134 1823 1186 1888 de-

51 1923 168 1987 fensio
194 1922 374 1991 identidem
400 1925 510 1987 minus
533 1923 629 1986 firma
654 1935 686 1987 et
710 1923 828 1988 alacris
852 1932 945 1989 esset.
