3020 4908
143 621 278 660 nassonem

138 684 282 724 candentiae.

303 476 358 530 414
493 474 579 531 XLII.
617 476 657 530 De
676 479 752 529 statu
771 473 908 530 Ecclesiae
926 489 996 531 saec.
1014 473 1115 528 decimo
1134 479 1240 530 octavo.

305 620 401 683 aonia
424 620 675 697 bumaaitcricc,
710 641 808 705 quam
834 641 876 682 ex
899 617 1068 703 religionis
1091 616 1252 681 naturalis
1277 616 1426 681 observa-

303 719 393 782 tione
425 717 636 802 repetebant,
671 726 708 780 ut
740 716 841 780 finem
873 715 1116 780 nobilissimum
1150 716 1318 779 societatis
1352 737 1426 778 suae

304 814 510 897 statuebant,
542 836 683 901 eamque
711 824 748 878 ut
771 813 1036 878 aedificationem
1062 811 1282 896 symbolicam
1314 811 1426 897 templi

303 912 534 997 designabant.
585 912 635 976 Eo
669 913 740 996 ipso
775 911 921 976 deismus
953 933 1060 996 vagus
1092 908 1363 995 proclamabatur
1395 919 1428 972 ut

301 1011 483 1075 essentialia
506 1034 542 1074 ac
564 1010 798 1096 perfectissimo
820 1010 932 1096 religio
956 1007 1110 1072 omnibus
1133 1007 1328 1073 hominibus
1345 1029 1427 1071 com·

303 1111 429 1190 munis,
461 1107 684 1187 statuebatur,
710 1129 752 1170 ex
776 1107 938 1191 ejusmodi
969 1107 1095 1170 deismo
1120 1127 1178 1169 seu
1201 1129 1245 1169 ex
1268 1105 1427 1189 religione

302 1208 463 1291 naturali,
488 1229 554 1272 non
579 1227 658 1270 vero
684 1228 726 1268 ex
748 1205 908 1289 religione
931 1206 1076 1290 positiva
1100 1227 1139 1268 ac
1162 1203 1328 1286 revelata,
1362 1203 1428 1267 feli-

301 1307 437 1369 citatem
460 1327 500 1369 ac
524 1304 661 1368 salutem
688 1303 894 1387 singulorum
918 1303 1092 1367 hominum
1116 1311 1149 1365 et
1165 1303 1334 1366 societatis
1359 1323 1427 1365 esse

300 1404 526 1489 repetendam,
551 1401 665 1487 illique
690 1401 815 1465 deismo
840 1423 925 1485 vago
942 1399 1247 1464 subordinabantur
1267 1408 1427 1484 tanquam

300 1503 475 1586 opiniones
491 1499 717 1564 indifferentes
732 1493 908 1582 religiones
923 1500 1097 1584 positivae.
1132 1498 1222 1561 Dum
1240 1518 1320 1561 vero
1337 1518 1427 1582 prae-

298 1599 500 1680 tendebant,
535 1619 648 1662 omnes
672 1595 824 1661 homines
856 1595 976 1681 probos
1000 1618 1033 1660 se
1057 1594 1179 1658 talibus
1213 1594 1428 1658 societatibus

300 1699 335 1760 in
360 1719 465 1760 unum
488 1696 605 1760 foedus
631 1696 773 1781 jungere
798 1693 919 1758 debere
942 1694 985 1758 ad
1009 1693 1272 1780 promovendam
1296 1694 1428 1776 generis

299 1795 440 1859 humani
472 1794 726 1880 perfectionem,
761 1815 795 1856 se
819 1791 1063 1856 substituebant
1087 1793 1233 1854 maxime
1257 1791 1428 1856 Ecclesiae

297 1892 501 1975 catholicae,
527 1893 580 1968 cui
605 1890 688 1954 illud
711 1914 731 1954 a
755 1890 870 1954 divino
894 1889 1086 1953 Fundatore
1110 1889 1273 1953 tributum
1297 1899 1364 1973 est,
1394 1899 1430 1953 ut

298 2013 359 2077 pro
384 2000 453 2054 tota
470 1990 625 2054 societate
649 1989 797 2052 humana
821 1990 864 2051 sit
879 2011 994 2052 verum
1020 1988 1232 2073 perfectionis
1256 2009 1297 2050 ac
1313 1986 1429 2051 salutis

302 2089 449 2153 medium
482 2097 514 2151 et
544 2089 742 2151 institutum.
790 2085 963 2172 Oppositio
996 2087 1098 2169 igitur
1130 2096 1162 2149 et
1190 2084 1281 2148 lucta
1314 2097 1429 2149 contra

300 2188 389 2251 hanc
412 2186 597 2250 Ecclesiam
629 2184 707 2249 inde
731 2186 915 2248 necessario
947 2183 1152 2248 dimanabat.
1202 2183 1317 2263 Quum
1349 2205 1427 2246 vero

295 2286 466 2348 societatis
500 2282 609 2347 civilis
642 2305 681 2346 ac
712 2303 891 2366 regnorum
920 2282 1110 2344 constitutio
1145 2283 1244 2344 etiam
1279 2281 1324 2345 ad
1357 2281 1429 2345 reli-

295 2383 408 2465 gionis
441 2383 605 2467 positivae
638 2389 671 2444 et
695 2380 894 2444 christianae
921 2379 1010 2463 leges
1044 2402 1082 2442 ea
1106 2389 1214 2442 aetate
1246 2381 1428 2465 praecipue
1508 2441 1509 2460 ,

299 2480 460 2565 disposita
484 2490 587 2561 esset,
620 2501 662 2542 ex
686 2478 797 2543 indole
821 2486 929 2541 sectae
954 2486 1091 2541 conatus
1121 2499 1252 2563 quoque
1276 2499 1360 2542 mox
1386 2501 1428 2542 se·
1508 2489 1509 2572 ]

296 2579 368 2641 cuti
393 2588 470 2642 sunt
493 2577 536 2641 ad
553 2577 714 2663 ejusmodi
739 2585 860 2642 statum
877 2599 987 2639 rerum
1012 2575 1239 2659 evertendum,
1265 2586 1298 2640 et
1313 2575 1425 2659 alium,
1508 2578 1509 2594 ¹

298 2676 520 2740 Naturalium
543 2677 717 2760 principiis
741 2674 953 2755 conformem,
979 2672 1288 2755 substituendum.¹)

388 2791 443 2855 49.
488 2792 564 2854 Non
592 2791 635 2855 ab
660 2789 814 2855 omnibus
845 2790 979 2875 quidem
1005 2799 1231 2853 conventuum
1256 2791 1427 2854 variorum

296 2888 468 2953 sodalibus
491 2889 575 2953 haec
597 2891 778 2975 principia,
805 2892 853 2952 uti
872 2891 944 2975 jam
968 2890 1155 2971 innuimus,
1180 2889 1427 2974 perspicieban-

297 2997 361 3068 tur,
389 2996 422 3050 et
444 3009 511 3051 non
535 2990 634 3073 pauci
657 2987 741 3051 forte
765 2989 938 3050 societates
962 3010 1037 3051 suas
1061 2986 1252 3051 habuerunt
1275 2996 1314 3050 ut
1338 2987 1427 3050 insti·

294 3093 370 3149 tuta
403 3086 541 3170 quibus,
578 3108 644 3151 non
678 3085 828 3149 obstante
862 3086 1058 3149 diversitate
1086 3085 1273 3169 religionis,
1311 3094 1427 3148 mutua

299 3182 533 3248 benevolentia
566 3193 598 3247 et
621 3192 715 3267 grata
749 3183 981 3269 conjunctione
1015 3185 1079 3246 viri
1103 3184 1241 3268 ingenui
1266 3183 1427 3246 virtutem

295 3291 463 3346 sectantes
496 3283 684 3364 unirentur3
721 3282 870 3366 adeoque
905 3281 985 3345 haec
1009 3283 1160 3345 instituta
1193 3303 1256 3345 nec
1289 3279 1427 3344 catholi-

295 3381 402 3443 cismo
435 3402 497 3443 nec
530 3379 587 3443 alii
611 3379 763 3463 religioni
798 3380 927 3444 infensa
959 3402 1030 3443 esse
1062 3381 1190 3464 opinati
1223 3387 1311 3444 sunt.
1359 3377 1425 3443 Sed

372 3610 392 3682 ¹)
412 3609 541 3678 Apprime
566 3625 598 3664 ea
616 3610 649 3664 de
667 3625 697 3665 re
715 3610 777 3678 agit
795 3611 821 3666 S.
841 3611 873 3667 D.
893 3611 925 3667 N.
945 3609 1001 3664 Leo
1019 3610 1087 3664 XIII
1112 3610 1141 3663 in
1160 3611 1261 3665 celebri
1279 3612 1425 3678 Encyclica

297 3692 464 3744 Herculeam
482 3693 584 3760 peaes,
610 3690 657 3744 ubi
675 3691 792 3745 Indolem
811 3686 901 3744 sectae
918 3691 1086 3746 Massonicae
1105 3704 1210 3744 summa
1227 3693 1423 3759 perspicuitate

294 3771 423 3839 exponit,
443 3786 475 3824 ac
492 3771 719 3824 Noturullamam
737 3771 767 3824 ln
785 3770 954 3838 oppositione
973 3771 1008 3824 ad
1025 3770 1188 3839 religionem
1207 3771 1357 3839 positivam
1375 3772 1422 3825 Ee·

294 3850 458 3918 alesiamque
476 3850 637 3906 catholicum
661 3851 741 3920 hujus
760 3859 850 3906 sectae
874 3851 1038 3920 principium
1056 3868 1088 3906 ao
1105 3851 1187 3905 finem
1212 3867 1272 3906 esse
1295 3851 1421 3907 ostendit.

297 3932 374 3985 Inter
401 3931 469 3985 alia:
503 3931 562 3998 ,Ex
589 3931 671 3985 certis
699 3931 821 3998 indiciis,
850 3931 905 3997 ait,
938 3948 1007 3999 quae
1034 3948 1118 4000 supra
1144 3932 1420 3986 commemoravimus.

294 4012 415 4079 erumpit
432 4011 514 4077 illud,
543 4012 613 4078 quod
631 4017 673 4066 est
691 4011 862 4067 consiliorum
879 4027 988 4066 suorum
1006 4013 1148 4078 ultimum,
1176 4011 1282 4066 scilicet
1301 4019 1421 4066 evertere

293 4091 420 4145 funditus
440 4107 543 4145 omnem
562 4107 622 4146 eam
646 4108 727 4159 quam
744 4091 875 4146 instituta
894 4092 1042 4146 christiana
1067 4097 1233 4161 pepererunt
1252 4092 1419 4160 disciplinam

296 4170 437 4240 religionis
465 4171 557 4237 reique
584 4171 721 4238 publicae,
753 4187 904 4238 novamque
932 4173 966 4226 ad
992 4172 1134 4241 ingenium
1165 4188 1245 4228 suum
1274 4179 1418 4234 exstruere,

293 4250 385 4304 ductis
404 4266 418 4304 e
437 4250 524 4304 medio
542 4253 738 4306 Naturaltsmo
756 4251 941 4306 fundamentis
960 4258 989 4306 et
1006 4252 1139 4321 legibus.“
