3034 4894
305 418 339 472 66
590 413 746 470 XXXVIII.
766 414 806 467 De
825 413 944 467 Concilio
963 413 1129 468 Tridentino.

304 557 564 624 formidandum.
593 555 631 620 Id
648 557 787 641 perinde
804 557 921 620 fuisset
936 579 976 620 ae
991 559 1108 637 vereri,
1127 579 1167 620 ne
1185 569 1423 643 perverteretur

305 658 564 722 ecclesiasticum
585 654 798 718 xchristianae
830 654 1033 740 reipublicae
1057 658 1216 738 regImen,
1246 665 1278 719 et
1306 677 1422 740 magna

305 759 405 821 etiam
430 764 581 838 exparte
605 752 796 837 politicum3
821 775 863 816 ne
879 763 927 816 tot
943 753 1095 817 Concilia
1119 754 1366 832 damnarentur,
1390 757 1423 817 in

305 855 426 943 quibus
455 875 494 916 ea
518 861 660 936 potestas
685 853 862 914 constituta
886 861 919 914 et
942 851 1137 916 confirmata
1164 852 1354 937 legebatur,
1385 875 1423 914 ne

304 952 517 1039 repelleretur
533 947 1009 1012 communisScholasticorum
1034 949 1203 1031 doctrina3
1229 973 1271 1014 ne
1286 973 1422 1035 pronun·

304 1053 452 1129 tiaretur,
477 1045 662 1111 Ecclesiam
686 1068 745 1131 por
768 1055 815 1109 tot
832 1047 963 1109 saecula
977 1047 1044 1131 jam
1063 1070 1206 1122 errasse;
1231 1071 1299 1112 uno
1316 1048 1419 1124 verbo,

305 1169 347 1212 ne
364 1156 484 1214 cuncta
499 1153 735 1208 revocarentur
750 1146 784 1208 in
798 1145 947 1228 dubium,
974 1147 1178 1232 inireturque
1193 1169 1270 1210 curn
1281 1146 1419 1210 Luthero

306 1245 491 1311 concordia.
539 1243 655 1327 Neque
688 1251 799 1306 tamen
830 1264 951 1326 negare
987 1255 1215 1308 asseveranter
1248 1247 1354 1308 ausim
1390 1247 1418 1306 in

305 1345 369 1409 illis
392 1341 611 1406 Pontificibus
634 1340 827 1426 hujusmodi
852 1342 1086 1424 suspicionem,
1119 1363 1195 1405 cum
1220 1342 1419 1426 exploratum

306 1443 388 1506 mihi
412 1443 462 1520 sit,
497 1438 777 1524 quemadmodum
802 1440 835 1500 in
861 1437 993 1523 papillis
1017 1439 1250 1525 quodcumque
1283 1439 1420 1524 pulveris

304 1561 445 1625 granum
471 1537 617 1601 dolorem
633 1535 884 1600 acerbissimum
898 1538 1031 1616 excitat,
1057 1539 1103 1600 ita
1120 1537 1154 1600 in
1170 1538 1271 1601 rebus
1289 1541 1420 1601 maximi

305 1640 403 1725 pretii
433 1659 452 1700 a
484 1635 698 1722 quantumvis
722 1645 847 1698 remoto
880 1634 1026 1719 periculo
1051 1637 1251 1698 acerrimum
1276 1637 1421 1700 timorem

305 1737 441 1801 creari.“
478 1734 579 1797 Aere
597 1733 731 1817 quidem
748 1754 827 1796 vera
844 1732 1006 1817 ejusmodi
1024 1734 1168 1816 suspicio
1186 1732 1277 1796 haud
1295 1736 1419 1797 omnino

305 1835 414 1899 inanis
438 1833 505 1896 dici
529 1839 652 1916 potest3
677 1831 831 1915 quamvis
855 1832 944 1893 enim
968 1853 988 1892 a
1003 1828 1137 1913 Synodo
1161 1831 1311 1916 legitima
1335 1832 1422 1895 dimi·

305 1934 398 1997 nutio
430 1930 635 1994 auctoritatis
666 1927 857 2012 pontificiae
888 1928 1035 1991 verenda
1073 1950 1139 1992 non
1179 1939 1279 2009 esset,
1321 1932 1424 1992 timeri

305 2041 443 2116 poterat,
475 2027 563 2114 quod
588 2029 739 2111 superius
764 2027 846 2111 jam'
868 2026 1053 2090 indicatum
1085 2037 1141 2106 est,
1174 2049 1216 2090 ne
1242 2026 1425 2091 Concilium
1506 2103 1507 2108 ἵ

304 2127 524 2194 convocatum
548 2128 652 2189 instar
684 2124 802 2208 synodi
827 2124 1025 2188 Basileensis
1057 2128 1092 2188 in
1117 2135 1321 2189 conventum
1345 2148 1425 2188 arro·
1506 2113 1507 2134 ’

303 2238 437 2313 gantem
475 2233 574 2309 atque
611 2222 767 2286 rebellem
801 2222 1024 2306 degeneraret.
1087 2222 1267 2308 Propterea
1308 2245 1427 2306 magna

307 2347 382 2390 eum
414 2322 590 2408 prudentia
621 2321 685 2385 hoc
716 2323 750 2382 in
783 2322 913 2404 negotio
943 2320 1010 2385 Ru.
1040 2320 1218 2384 Pontifices
1252 2321 1429 2404 procedere
1504 2367 1505 2372 η

309 2422 485 2488 debebant.

171 2551 271 2591 creman-
400 2520 450 2584 10.
482 2517 661 2582 Clementis
685 2516 751 2578 VII
774 2517 905 2578 animus
929 2537 990 2579 nec
1013 2539 1033 2579 a
1058 2514 1205 2581 Concilio
1231 2515 1429 2579 celebrando

136 2615 436 2684 ἳῐενΙΙΒθΠω’1111111118
467 2625 546 2694 erat,
586 2615 643 2678 ubi
676 2613 758 2677 illud
789 2614 996 2698 profuturum
1029 2635 1099 2677 esse
1130 2635 1262 2698 sperare
1295 2623 1429 2698 poterat,

306 2740 378 2799 nec,
410 2716 458 2778 uti
482 2712 682 2777 Pontificum
713 2711 823 2774 hostes
854 2721 1081 2793 asseruerunt,
1115 2711 1327 2774 simulatione
1354 2733 1430 2773 usus

307 2825 365 2893 est,
390 2812 448 2877 sed
472 2833 557 2896 quae
582 2809 760 2873 metuenda
785 2810 848 2892 ipsi
873 2809 1074 2872 videbantur
1097 2819 1210 2893 aperte
1234 2797 1307 2871 tum
1328 2809 1429 2893 Impe-

306 2913 407 2977 ratori
431 2920 501 2973 tum
527 2906 761 2972 Cardinalibus
786 2909 949 2991 exposuit.
978 2907 1032 2970 Ex
1047 2907 1338 2971 observationibus
1362 2906 1429 2990 ejus

306 3010 490 3074 universim
515 3027 608 3069 mens
632 3004 832 3068 Pontificum
857 3004 967 3088 colligi
992 3014 1108 3090 potest,
1140 3025 1265 3087 eaeque
1290 3001 1427 3087 pruden-

307 3113 387 3173 tiam
412 3106 503 3170 illam
527 3115 559 3168 et
582 3124 734 3186 sagacem
759 3101 1015 3165 sollicitudinem
1040 3093 1183 3186 sapirint,
1209 3123 1295 3186 quae
1310 3101 1427 3164 Romae

308 3227 438 3290 semper
465 3206 500 3266 in
528 3225 590 3264 usu
621 3201 692 3265 fuit.
725 3238 768 3246 -
802 3199 884 3262 Inde
919 3199 962 3264 ab
999 3201 1092 3263 initio
1128 3199 1344 3283 pontificatus
1384 3199 1423 3260 sui

308 3304 354 3391 (d.
381 3305 439 3367 19Ο
462 3303 547 3366 Νον.
572 3299 719 3378 111523)
746 3297 899 3362 Clemens
914 3298 980 3361 VII
1005 3299 1045 3361 de
1070 3297 1176 3360 turbis
1200 3297 1234 3359 in
1250 3295 1425 3360 Germania

308 3400 463 3466 sedandis
499 3398 658 3462 sollicitus
682 3397 755 3478 fuit,
790 3407 822 3458 et
851 3419 952 3481 quum
978 3419 1008 3460 a.
1036 3396 1120 3460 1524
1145 3397 1178 3458 in
1204 3397 1348 3459 comitiis
1371 3395 1427 3458 No·

308 3499 493 3582 rimbergae
523 3496 646 3559 habitis
677 3494 717 3557 de
749 3492 896 3557 Concilio
931 3493 1163 3578 congregando
1195 3501 1307 3555 actum
1339 3503 1427 3564 esset,
1504 3499 1505 3506 ’

307 3597 463 3660 Pontifex
487 3594 679 3676 declaravit,
704 3592 739 3656 id
763 3613 945 3676 aequoque
969 3592 1002 3654 in
1025 3590 1198 3655 desideriis
1215 3588 1351 3671 habere,
1375 3589 1428 3652 scd

308 3697 398 3758 viam
415 3693 457 3757 ad
471 3692 643 3776 Synodum
667 3689 856 3753 habendam
875 3711 944 3752 esse
958 3689 1141 3773 parandam
1156 3709 1239 3773 pace
1256 3686 1428 3752 conciliata

309 3795 395 3856 inter
418 3791 614 3854 christianos
644 3789 821 3874 principes.
869 3785 1156 3872 Subsequentibus
1185 3786 1283 3848 annis
1307 3783 1427 3848 bellum
1504 3855 1505 3860 η

308 3893 396 3954 inter
426 3888 579 3952 Carolum
612 3887 642 3949 V
686 3897 718 3949 et
758 3886 975 3948 Franciscum
1007 3885 1023 3947 Ι
1063 3885 1162 3946 etiam
1201 3881 1431 3945 vehementius

309 3988 441 4070 exarsit,
475 4007 642 4070 quumque
667 3983 819 4047 Clemens
844 3983 909 4045 VII
941 3981 1049 4046 Oaroli
1076 3982 1108 4042 V
1140 3990 1173 4043 et
1205 3979 1430 4064 Hispanorum
1504 3983 1505 3986 ’

309 4086 490 4169 potentiam
529 4093 561 4145 et
598 4084 828 4167 usurpationes
851 4080 1048 4160 formidans,
1081 4080 1190 4163 potius
1214 4077 1432 4162 expertibus

308 4183 395 4267 regis
406 4180 576 4245 Gallorum
588 4182 738 4260 stetisset,
756 4180 911 4242 maximis
923 4176 1167 4241 calamitatibus
1180 4177 1251 4260 ipse
1262 4173 1430 4246 involutus
