3020 4908
699 1677 1041 1779 Corrigenda.

789 1899 948 1916 XANXNVN

377 2057 482 2116 Pauca
505 2058 554 2117 hic
574 2059 739 2116 indicamus
763 2075 838 2130 qnae
858 2057 1036 2130 corrigenda
1055 2061 1138 2128 sunt;
1168 2057 1205 2114 de
1225 2058 1297 2114 aliis
1325 2059 1432 2130 quibus·

306 2147 390 2219 dam,
413 2149 445 2205 in
464 2147 568 2220 quibos
589 2147 740 2204 sententia
758 2145 838 2205 forte
857 2145 1058 2220 praeferenda
1077 2152 1124 2203 est
1143 2162 1162 2202 a
1181 2152 1285 2203 nostra
1309 2148 1431 2217 diversa,

306 2237 481 2294 ulteriorem
503 2237 713 2294 discussionem
732 2238 782 2295 vel
802 2236 1031 2309 explicationem
1050 2234 1089 2292 ad
1108 2234 1190 2292 aliud
1203 2240 1325 2309 tempus
1340 2253 1431 2310 oppor-

307 2333 407 2382 tunum
429 2323 601 2383 differimus.

327 2444 351 2500 1.
380 2441 414 2499 Τ.
433 2441 459 2499 Ι.
487 2459 514 2514 p.
533 2442 570 2499 46
599 2440 795 2514 seponendum
822 2446 868 2498 est
894 2440 1108 2511 testimoninm,
1137 2441 1214 2512 quod
1243 2459 1280 2498 ex
1299 2442 1428 2500 Anatolii

379 2530 582 2588 Alexandrini
608 2529 729 2587 Oanone
756 2529 892 2602 paschali
918 2529 1080 2587 attulimus.
1117 2529 1240 2587 Eruditi
1269 2533 1356 2589 enim
1380 2533 1423 2603 jan
1499 2583 1500 2592 .

381 2620 565 2691 conveniunt,
588 2618 727 2676 Anatolii
746 2617 895 2677 Cononem
916 2619 1087 2691 paschalem
1107 2619 1156 2690 qni
1175 2624 1276 2676 exstat
1294 2637 1360 2679 non
1380 2635 1420 2678 esse
1499 2611 1500 2616 ’

379 2709 484 2782 ipsius,
511 2708 563 2766 sed
583 2708 713 2766 auctoris
739 2708 882 2780 sequioris
902 2708 1022 2765 aetatis.
1059 2706 1123 2764 Iste
1142 2707 1228 2761 Iacer
1247 2709 1425 2764 Anatholile

378 2798 488 2850 ratane
504 2797 643 2866 paschali,
663 2813 745 2868 quem
760 2797 886 2869 primum
899 2796 1065 2854 Bucherius
1081 2797 1248 2868 publicavit
1267 2796 1335 2868 (De
1350 2801 1428 2857 doctr.

378 2884 569 2958 temporum),
593 2885 625 2941 in
643 2884 806 2941 Britannia
824 2890 892 2957 post
911 2900 937 2942 a.
956 2885 1010 2942 036
1029 2882 1180 2942 confectus
1201 2902 1267 2943 csse
1287 2893 1430 2952 censetur,

380 2991 471 3046 eoque
497 2974 627 3031 nitentes
646 2973 788 3032 Britanni
814 2990 897 3031 suam
917 2973 1158 3031 consuetudinem
1184 2975 1365 3034 celebrandi
1381 2975 1430 3032 Pa·

378 3062 491 3120 schatis
511 3067 615 3120 contra
634 3061 724 3119 ritum
743 3063 828 3120 Rom.
848 3062 1085 3120 vindicaverunt.
1124 3060 1186 3120 Ofr.
1205 3062 1349 3137 Kruseh,
1373 3063 1430 3122 Stu-

378 3149 448 3207 dien
467 3167 521 3208 znr
541 3150 998 3208 christlich·mittelalterliehen
1018 3149 1228 3222 Chronologie,
1253 3169 1281 3224 p.
1302 3155 1360 3214 311
1378 3169 1430 3224 sqq.

322 3248 348 3305 2.
378 3246 463 3318 Quae
491 3264 518 3320 p.
537 3248 580 3305 92.
608 3250 627 3306 l.
646 3249 690 3306 27.
709 3249 813 3322 Lipsio
833 3249 1039 3320 attribuimus,
1067 3250 1216 3307 habentur
1236 3251 1319 3323 apud
1342 3251 1428 3308 Baur.

376 3336 551 3410 Legendnm
570 3337 674 3410 igitur:
700 3337 767 3410 „Ita
786 3339 870 3392 Boor
888 3339 1008 3396 saeculo
1026 3338 1058 3395 H
1078 3339 1270 3411 scriptionem
1291 3340 1431 3412 epistolae

375 3425 491 3498 primae
518 3443 540 3483 s.
560 3425 647 3484 Petri
666 3427 817 3484 tribuens“
848 3432 905 3484 etc.
942 3427 1044 3500 Atque
1072 3434 1142 3484 note
1161 3428 1193 3484 3:
1224 3427 1343 3500 „Baur,
1371 3427 1430 3486 Das

377 3512 601 3572 Christenthnm
623 3516 676 3573 der
695 3522 796 3574 ersten
816 3516 881 3573 drei
894 3516 917 3574 J
919 3517 1129 3574 ahrhnnderte.
1149 3514 1178 3574 S.
1192 3517 1272 3574 130.“
1293 3547 1327 3556 -·
1344 3517 1379 3573 P.
1391 3516 1429 3572 93.

376 3604 396 3660 l.
416 3606 441 3660 l.
461 3620 547 3662 vero:
569 3603 732 3674 „Admittit
750 3605 869 3673 Lepsios
890 3606 919 3672 (l.
940 3623 963 3663 c.
984 3603 1014 3663 S.
1033 3606 1086 3664 103
1105 3602 1203 3672 nota)“
1224 3609 1282 3662 eto.

322 3700 348 3756 3.
378 3699 484 3771 Quoad
513 3717 549 3759 ea
577 3717 653 3773 quae
681 3719 708 3774 p.
728 3701 780 3758 147
809 3702 828 3758 l.
847 3701 883 3758 27
911 3707 942 3758 et
969 3720 997 3775 p.
1026 3701 1079 3759 148
1106 3703 1125 3759 l.
1144 3702 1180 3760 20
1209 3702 1246 3759 de
1275 3699 1429 3775 Apollonio

376 3787 523 3847 Senatore
548 3789 683 3848 Bomano
713 3791 876 3862 habentur,
909 3791 1124 3849 advertendum
1156 3797 1220 3862 est,
1253 3791 1428 3862 distinguen-

377 3878 444 3935 dum
466 3895 531 3935 esse
544 3878 737 3951 Apollonium
757 3884 924 3936 senatorem
945 3886 977 3936 et
995 3885 1156 3951 martyrem
1179 3881 1217 3937 ab
1232 3881 1329 3938 altero
1341 3876 1428 3951 Apol·

374 3966 468 4038 lonio,
497 3967 546 4039 qui
576 3968 697 4040 scripsit
725 3984 748 4024 o.
769 3984 796 4024 a.
814 3967 869 4026 200
898 3974 1001 4026 eontra
1020 3968 1219 4026 Montanistas
1248 3986 1320 4043 opus
1347 3982 1427 4041 prae·

376 4055 504 4126 clarum,
538 4055 622 4128 cujus
651 4054 822 4128 fragmenta
851 4057 951 4129 aliqua
984 4057 1134 4115 habentur
1163 4058 1242 4130 apud
1270 4056 1425 4114 Eusebium

374 4143 414 4200 H.
433 4144 469 4202 B.
495 4144 532 4202 V.
551 4145 595 4203 21.
632 4145 681 4203 De
701 4147 755 4202 hoc
774 4145 935 4218 Apollonio
962 4147 1026 4218 agit
1045 4164 1067 4204 s.
1086 4146 1291 4218 Hieronymus
1309 4146 1355 4204 De
1375 4143 1424 4200 vir.

376 4233 418 4289 ill.
437 4250 465 4290 n.
485 4233 529 4305 40,
549 4234 631 4306 isque
651 4234 804 4307 episcopus
823 4233 992 4307 Ephesinus
1012 4233 1104 4292 fuisse
1125 4240 1273 4292 censetur.
