3034 4894
448 468 659 522 Dissertationes
678 468 788 523 indoles.
1150 469 1185 524 59

64 615 191 697 scripsit
214 613 395 676 Historiam
422 609 557 676 Concilii
585 612 779 690 Tridentini,
811 633 896 697 quae
927 611 1042 697 lingua
1072 612 1185 677 italica
1209 614 1329 655 imm*-

63 713 203 795 primum
242 733 272 774 a.
306 709 393 773 1656
433 710 557 773 Romae
596 709 695 793 edita,
734 719 849 795 postea
883 712 917 773 in
949 709 1031 773 alias
1054 709 1185 793 linguas

62 830 154 872 versa
190 809 264 873 fuit.
321 808 414 872 Haec
448 807 585 871 historia
627 808 753 871 fontem
794 809 966 871 constituit
1008 810 1183 893 insignem,

63 928 102 968 ex
132 928 195 991 quo
229 929 269 969 ea
303 927 388 990 quae
414 904 599 970 Concilium
626 905 861 969 Tridentinum
895 914 1047 990 spectant
1076 906 1186 991 colligi

61 1013 214 1088 possunt3
247 1025 416 1089 quumque
440 1003 667 1067 Pallavicinus
697 1025 764 1067 non
789 1005 898 1066 minus
930 1004 1118 1087 integritate
1143 1015 1187 1068 at-

62 1123 122 1186 que
146 1104 281 1184 virtute,
306 1123 407 1189 quarn
431 1122 541 1164 rerum
566 1099 827 1183 theologicarum
851 1103 970 1186 peritia
986 1111 1018 1163 et
1033 1112 1103 1166 arte
1128 1105 1187 1166 cri·

60 1202 124 1263 tica
141 1202 312 1281 emineret,
337 1209 411 1263 acta
428 1208 540 1262 autem
564 1207 597 1262 et
620 1198 820 1262 documenta
838 1199 881 1262 ad
898 1201 994 1263 istam
1012 1199 1186 1283 Synodum

59 1300 260 1382 pertinentia
284 1299 314 1360 ei
339 1307 505 1382 paterent,
543 1296 644 1381 hujus
682 1299 825 1360 auctoris
864 1297 978 1361 relatio
1010 1320 1187 1385 rerumque

60 1397 222 1480 expositio
257 1395 323 1459 fide
358 1396 504 1458 maxime
538 1393 640 1478 digna
676 1404 732 1460 est.
767 1433 810 1442 —
842 1394 908 1459 Alii
935 1395 1011 1459 dein
1036 1406 1187 1461 auctores
1220 1467 1223 1474 ,

58 1505 127 1556 tum
153 1492 309 1556 catholici
343 1503 413 1556 tum
446 1502 665 1576 protestantes
689 1492 816 1576 Synodi
841 1493 1057 1557 Tridentinae
1088 1494 1187 1557 histo-

58 1593 140 1654 riam
166 1592 383 1675 scripserunt3
409 1611 464 1654 eos
482 1591 634 1653 invenies
658 1592 775 1654 citatos
800 1591 834 1653 in
851 1590 1059 1655 Dictionario
1084 1590 1185 1654 ecclc-

59 1690 192 1752 siestico
217 1687 434 1771 Friburgcnsi
460 1687 785 1769 (Kirchenlexicon),
819 1687 907 1773 quod
941 1689 1059 1772 gallice
1087 1690 1188 1752 vertit

59 1785 231 1867 Coschler,
256 1788 305 1852 tit.
324 1787 450 1850 Trient.
469 1788 745 1850 Dissertationem
771 1788 921 1850 criticam
939 1809 1078 1872 eamque
1095 1809 1187 1872 prae·

60 1884 183 1948 claram
208 1883 249 1947 de
275 1885 508 1947 controversiis
524 1886 611 1947 inter
628 1883 768 1948 Paulum
783 1884 878 1968 Sarpi
897 1894 929 1946 et
942 1883 1186 1950 Pallavicinum

60 1983 164 2046 edidit
186 1982 207 2047 J
212 2032 218 2046 .
233 1983 273 2046 N.
286 1981 452 2063 Brischar,
477 1981 703 2067 Beartlteilanp
727 1983 784 2045 der
812 1981 1037 2047 Controversen
1061 1982 1188 2068 Sarpi's

61 2082 122 2144 und
154 2080 379 2144 Pallaoicini's
417 2082 452 2142 in
482 2080 539 2143 der
574 2080 751 2144 Gesclticltte
791 2081 845 2144 des
881 2082 911 2143 T
908 2083 1026 2145 rienter
1053 2080 1186 2147 Concita

62 2179 239 2262 Titbingen
253 2179 363 2248 ι1844.
1262 2259 1264 2262 ¹

149 2275 257 2339 Multa
274 2276 474 2339 documenta
491 2297 575 2359 quse
590 2272 776 2339 Concilium
791 2275 1024 2339 Tridentinum
1038 2286 1189 2361 spectant

61 2374 227 2438 habentur
251 2375 285 2437 in
312 2372 518 2452 collectione,
551 2394 651 2458 quam
684 2372 789 2436 edidit
813 2374 856 2437 Le
881 2374 956 2438 Plat
987 2374 1048 2437 sub
1072 2372 1187 2437 titulo:

61 2473 336 2535 llonnmentornm
368 2471 411 2535 od
439 2469 613 2536 Concilium
641 2473 671 2534 T
667 2472 863 2535 ridentinnm
891 2473 1089 2556 potissimam
1116 2470 1187 2535 illa-

62 2571 228 2634 strandum
259 2567 457 2654 amplissima
492 2568 652 2648 Collectio,
692 2570 836 2633 Lovanii
864 2571 947 2633 1781
981 2592 1051 2654 sqq.
1085 2570 1119 2632 in
1149 2570 1189 2632 4⁰

62 2671 137 2731 tomi
153 2669 230 2732 VII.
245 2705 288 2713 -—
303 2667 422 2731 Nostro
439 2677 597 2752 tempore,
623 2670 816 2752 praesertim
831 2667 909 2731 inde
925 2667 967 2732 ab
985 2689 1071 2730 anno
1091 2666 1187 2748 1870,

64 2766 171 2829 adhuc
204 2768 298 2828 varia
322 2766 444 2849 scripta
468 2775 500 2828 et
524 2765 724 2828 documenta
756 2765 865 2850 quoad
894 2764 975 2828 illud
1002 2763 1188 2828 Concilium

67 2863 231 2945 publicata
256 2873 341 2944 sunt,
373 2885 459 2947 quae
484 2885 605 2946 magna
629 2873 722 2947 parte
747 2862 895 2926 indicata
923 2864 1074 2925 invenies
1098 2860 1188 2946 apud

70 2959 129 3026 lim.
162 2960 412 3044 Hergenrtither
435 2961 477 3025 K.
500 2959 539 3026 G.
565 2961 604 3024 Τ.
629 2961 691 3024 III.
716 2982 747 3044 p.
772 2960 849 3025 460.
873 2997 916 3007 —
940 2959 1087 3044 Vulgata
1111 2979 1188 3044 quo·

67 3081 121 3143 que
147 3060 244 3122 fuere
267 3058 351 3121 Acta
373 3060 511 3142 pennino
536 3055 593 3122 SS.
623 3055 714 3122 Cone.
743 3059 833 3123 Toid.
858 3057 898 3122 ab
917 3058 1038 3143 Anpeio
1063 3057 1188 3121 Massa·

62 3156 130 3222 retii
156 3155 313 3239 (Concilii
339 3157 528 3236 secretario)
553 3157 614 3241 Ep.
644 3155 808 3220 idelesino
833 3156 1012 3240 conscripta
1035 3164 1096 3218 etc.
1129 3176 1189 3239 per

62 3255 288 3338 Augustinum
313 3253 458 3317 Theiner
491 3254 689 3336 (Zagrabiae
714 3263 746 3316 et
768 3254 904 3338 Lipsiae
930 3254 1038 3334 1875).
1086 3251 1188 3315 Acce-

62 3353 144 3416 dunt
176 3351 268 3414 hisce
302 3353 401 3416 etiam
427 3350 492 3415 alia
516 3352 602 3415 Acta
627 3351 668 3415 ab
694 3351 768 3415 aliis
792 3352 931 3435 digesta.
978 3349 1044 3414 Sed
1074 3349 1188 3414 adver-

60 3451 199 3514 tendum
231 3459 290 3528 est,
322 3449 365 3513 ab
397 3449 522 3514 editore
554 3451 665 3513 minus
689 3449 774 3513 bene
799 3453 832 3513 in
858 3448 978 3514 Sedem
1005 3449 1188 3512 Romanam

61 3559 139 3612 tunc
164 3548 285 3612 affecto
310 3550 381 3611 sine
397 3547 569 3611 Pontificis
593 3549 810 3632 permissione
836 3546 891 3611 illa
907 3547 995 3611 Acta
1018 3545 1189 3631 publicata

60 3647 171 3727 fuisse,
203 3647 367 3731 quaedam
401 3648 532 3725 omissa,
562 3657 594 3709 et
625 3646 788 3731 quaedam
813 3646 954 3730 adjecta,
989 3644 1109 3729 quibus
1141 3665 1188 3705 re·

60 3746 212 3809 verentia
227 3746 262 3806 in
275 3743 395 3808 Sedem
407 3743 634 3828 Apostolicam
651 3744 802 3809 laeditur.
853 3742 1064 3808 Consulenda
1088 3743 1187 3804 etiarn

61 3845 203 3907 veniunt
233 3841 271 3906 P.
303 3841 420 3923 Balan,
457 3843 661 3905 Monumenta
694 3842 947 3928 [deformationis
978 3841 1187 3917 Lntlteranne,

62 3941 264 4005 Ratisbonae
291 3941 387 4017 1883,
421 3950 454 4003 et
477 3940 517 4004 A.
544 3962 610 4004 von
635 3938 775 4004 Druffel.
822 3941 1029 4005 Monumenta
1058 3939 1187 4002 Triden-

63 4041 142 4112 tina,
167 4037 340 4100 Mtinchen
369 4037 463 4102 1885.

151 4137 181 4200 3.
225 4134 418 4199 Attentione
442 4158 538 4220 porro
563 4136 666 4219 digna
690 4146 739 4199 cst
755 4135 951 4199 Dissertatio
976 4137 1029 4198 cui
1054 4132 1188 4198 titulus:

63 4233 250 4296 Discussion
282 4233 337 4297 des
366 4235 494 4296 raisons
524 4231 734 4318 qn’uiiipnent
780 4231 824 4295 ies
857 4244 1056 4319 protestante
1087 4243 1117 4296 et
1145 4232 1189 4294 les
