3336 4908
536 461 589 514 242
940 460 996 518 XL.
1016 461 1057 515 De
1075 460 1253 516 Jonsenismo

382 608 513 682 ”⁶⁰¹²ftt10
538 604 663 689 aliquid
693 603 865 689 difficultas·
893 605 1013 668 moturi
1039 627 1143 690 posse,
1176 627 1214 668 eo
1238 607 1390 690 pertinet,
1422 617 1459 671 ut
1481 611 1632 692 restringat

389 680 497 718 mum*
536 701 791 766 submissionem
823 700 883 765 suh
909 700 994 767 Sede
1018 702 1220 786 Apostolica.
1267 701 1334 767 Sed
1366 704 1430 768 hoc
1461 717 1579 791 spectat
1603 729 1632 769 ea

536 821 621 886 quae
645 799 860 886 praecedunt,
892 808 930 862 ut
953 821 1046 885 mam
1060 798 1247 884 fidelissime
1272 823 1354 886 opus
1378 802 1505 884 edatur,
1529 825 1582 866 nec
1601 803 1632 866 ab
1665 851 1666 864 a

535 896 720 960 editoribus
737 897 864 983 aliquid
881 906 1036 978 mutetur,
1060 920 1164 983 quum
1180 900 1292 962 omnia
1306 900 1393 964 inter
1409 921 1443 963 se
1459 900 1632 965 cohaereant

535 1004 567 1058 et
602 1017 645 1058 ex
680 994 842 1080 ejusmodi
874 995 1113 1059 mutationibus
1149 1018 1264 1060 sensus
1296 997 1393 1061 facile
1421 1000 1632 1079 immutetur.¹)

534 1091 605 1156 Imo
636 1114 739 1178 quum
768 1092 885 1157 addat:
926 1091 964 1157 a·
991 1103 1095 1157 tamen
1118 1095 1266 1158 Romana
1290 1093 1387 1158 Sedes
1410 1105 1478 1174 eta,
1508 1096 1634 1160 declarat

534 1190 760 1255 omnimodam
775 1190 1029 1255 submissionem
1046 1190 1107 1255 sub
1124 1191 1286 1256 Pontifice
1301 1192 1460 1258 Romano.
1482 1194 1634 1258 Praeterea
1665 1215 1666 1264 3

532 1311 610 1352 vero
636 1291 735 1352 etiam
759 1290 794 1352 in
817 1289 1024 1374 promotione
1048 1311 1107 1351 sua
1125 1288 1240 1371 (1619)
1257 1289 1398 1370 Romani
1415 1291 1580 1355 Pontificis
1599 1295 1632 1354 in·

532 1387 669 1450 fallibile
693 1387 921 1471 magisterium
944 1385 1008 1450 hac
1030 1387 1255 1471 propositione
1281 1386 1492 1452 defenderat:
1517 1390 1632 1471 „Roma-

532 1508 594 1549 nus
617 1485 773 1550 Pontifex
801 1506 975 1569 supremus
1005 1494 1054 1548 est
1085 1487 1232 1549 omnium
1267 1484 1308 1548 de
1338 1485 1500 1570 religione
1530 1498 1632 1550 contro·
1665 1541 1666 1544 ,

532 1585 715 1647 versiarum
735 1582 853 1668 judex,
879 1583 973 1667 cujus
983 1583 1151 1667 judicium
1174 1591 1313 1665 rectum,
1338 1605 1455 1646 verum
1481 1595 1513 1648 et
1536 1583 1632 1648 infalli-

531 1679 597 1744 bile
621 1691 679 1761 est,
704 1702 807 1766 quum
824 1682 999 1744 universae
1015 1679 1187 1744 Ecclesiae
1211 1680 1339 1766 aliquid
1364 1681 1426 1745 suh
1443 1683 1633 1746 anathemate

530 1779 711 1843 tenendum
736 1778 915 1860 definiant)
946 1779 986 1841 In
1001 1776 1130 1862 epilogo
1155 1787 1266 1841 autem
1283 1780 1400 1863 operis,
1426 1781 1488 1843 etsi
1506 1803 1529 1844 s.
1543 1780 1632 1864 Augu·

530 1879 607 1941 stini
632 1887 776 1941 mentem
801 1898 835 1939 se
851 1885 1039 1940 assecutum
1055 1897 1124 1939 esse
1141 1875 1245 1938 nimia
1259 1875 1382 1939 fiducia
1397 1886 1519 1958 teneat,
1543 1889 1630 1940 nmen

531 1977 698 2040 doctrinas
734 1973 877 2059 prolatas
923 1972 1134 2058 Apostolicae
1165 1972 1260 2038 Sedis
1296 1973 1426 2058 judicio
1464 1976 1629 2038 committit.

528 2073 736 2159 „Quidquid
769 2073 893 2154 scribit,
925 2071 966 2135 dc
990 2071 1089 2134 rebus
1113 2081 1181 2134 tam
1205 2070 1447 2156 multiplicibus
1471 2081 1505 2136 et
1527 2072 1627 2151 arduis,
1666 2118 1667 2121 ,

528 2193 595 2236 non
620 2171 720 2256 juxta
744 2191 867 2249 meam,
904 2169 961 2233 sed
980 2169 1080 2254 juxta
1114 2192 1139 2233 s.
1164 2168 1318 2233 Doctoris
1342 2179 1487 2234 mentem
1512 2192 1629 2256 pronun·
1666 2188 1667 2259 ξ

529 2270 626 2350 ciavi,
658 2291 701 2332 ex
723 2267 936 2359 Apostolicae
961 2267 1057 2332 Sedis
1081 2266 1319 2352 Ecclesiaequc
1342 2267 1514 2332 Romanae
1538 2270 1629 2332 matris
1666 2268 1667 2323 ἕ

529 2387 622 2430 meae
648 2366 777 2452 judicio
808 2367 1038 2451 sententiaque
1068 2366 1245 2449 suspendo,
1279 2376 1315 2428 ut
1347 2365 1429 2430 illud
1458 2367 1532 2452 jam
1562 2388 1629 2430 nunc
1666 2360 1667 2363 '

527 2473 658 2528 teneam
683 2467 709 2527 si
733 2462 924 2543 tenendum,
950 2484 1103 2526 revocem
1128 2465 1155 2526 si
1179 2464 1416 2544 revocandum,
1443 2464 1591 2528 damnem
1609 2477 1629 2525 ct

527 2562 815 2642 anathematizem,
847 2565 874 2625 si
898 2561 1125 2625 damnandum
1150 2572 1182 2625 et
1205 2562 1554 2627 anathematizandum
1577 2583 1627 2625 csso

435 2693 436 2698 ¹
522 2661 736 2747 judicaverit.
776 2659 862 2722 Nam
887 2658 1169 2745 quemadmodum
1194 2661 1288 2723 istius
1304 2660 1477 2724 Ecclesiae
1501 2685 1540 2726 ac
1555 2659 1627 2725 Sedis

528 2760 694 2843 mysteriis
717 2756 900 2822 infantulus
924 2758 1084 2838 initiatus,
1109 2767 1141 2821 et
1164 2758 1236 2842 ejus
1259 2757 1325 2822 fide
1343 2780 1419 2822 cum
1435 2759 1521 2824 lactc
1539 2759 1627 2822 matris

526 2856 674 2920 imbutus
696 2856 755 2938 fui,
779 2866 812 2919 et
835 2857 935 2933 crevi,
967 2866 1000 2917 et
1024 2855 1166 2936 adolevi,
1198 2866 1230 2918 et
1254 2857 1358 2937 senui,
1391 2879 1453 2920 nec
1478 2857 1521 2921 ah
1544 2880 1579 2920 ea
1597 2853 1626 2918 ad

526 2955 630 3018 latum
654 2976 810 3039 unguem,
836 2953 922 3038 quod
948 2955 1062 3034 sciam,
1086 2955 1208 3036 animo,
1233 2964 1292 3017 aut
1306 2954 1403 3036 facto,
1429 2965 1625 3019 autsermono

527 3053 666 3134 deflexi3
691 3054 737 3115 ita
761 3073 857 3136 porro
882 3051 925 3115 ad
949 3059 1135 3114 extremum
1160 3073 1264 3137 usque
1289 3053 1441 3136 spiritum
1459 3054 1578 3132 vivere,
1597 3069 1625 3112 ac
1665 3049 1666 3078 ³

526 3151 598 3214 Deo
622 3150 804 3235 adjuvante
829 3150 921 3228 mori,
948 3149 1129 3234 divinoque
1148 3149 1277 3235 judicio
1301 3151 1382 3231 sisti,
1415 3149 1499 3213 mihi
1529 3147 1624 3212 consti·
1666 3168 1667 3173 ¹

527 3258 634 3312 tutum
663 3256 728 3323 est;
759 3257 795 3310 ut
821 3247 920 3332 juxta
944 3248 1200 3310 sacratissimam
1231 3248 1302 3333 ejus
1325 3247 1486 3332 regulam,
1517 3264 1626 3332 quasa

526 3344 731 3430 temporibus
755 3342 989 3429 Apostolorum
1021 3366 1079 3429 per
1103 3347 1346 3408 successionem
1371 3346 1559 3409 continuam
1580 3347 1625 3405 llo·

527 3464 700 3507 manorum
723 3442 923 3506 Pontificum
957 3465 1017 3527 per
1044 3443 1238 3506 universum
1264 3442 1377 3506 orbem
1400 3443 1584 3528 praedicata
1603 3445 1624 3499 et

526 3649 739 3660 ..——.-

599 3780 621 3848 ¹)
640 3779 718 3834 Unde
736 3779 809 3832 hand
827 3783 952 3833 accurate
970 3779 1076 3846 Rapin:
1099 3779 1166 3841 „Las
1185 3777 1324 3846 supplicat
1343 3777 1394 3849 (les
1412 3778 1540 3844 editems)
1556 3776 1584 3828 da
1598 3783 1622 3824 nt

525 3861 583 3913 rien
608 3859 727 3928 changes
751 3861 818 3914 dans
837 3875 885 3913 son
904 3875 1025 3930 ouvrage
1043 3859 1099 3912 s'ils
1117 3859 1275 3912 trouvaient
1298 3858 1414 3925 quelque
1433 3859 1510 3913 chose
1534 3857 1563 3910 de
1583 3865 1621 3921 peu

525 3940 660 3994 conforme
678 3955 731 3993 anx
750 3940 911 3994 sentimenta
930 3941 962 3994 de
975 3938 1088 4007 l’Eglise
1107 3939 1234 4003 rumeins,
1254 3938 1399 4004 aloquelle
1412 3939 1432 3997 il
1445 3954 1474 3993 sc
1487 3931 1620 3994 soumettsit

524 4021 702 4074 entierement
714 4023 727 4049 “
765 4021 843 4074 Mem.
863 4021 877 4073 Ι
903 4037 929 4088 p.
949 4020 1010 4074 370.

596 4159 618 4230 l)
637 4161 670 4219 V.
697 4162 736 4214 De
754 4162 830 4216 Rem.
859 4161 955 4215 Oratio
980 4158 1012 4215 de
1037 4159 1161 4214 laudibus
1184 4159 1280 4228 quibam
1304 4166 1413 4215 veteres
1438 4153 1616 4215 nemesim

523 4242 644 4310 theologi
663 4240 753 4295 efferri
771 4249 892 4310 possunt.
929 4241 1044 4295 Lovanii
1066 4241 1142 4296 1847.
