3288 4900
499 465 614 522 conatii
632 464 757 532 periodus
775 465 867 523 tertia.
1191 467 1242 520 etl

135 621 279 676 avortere.
327 609 562 676 Inresideutia
578 610 808 694 episcoporum
832 610 934 676 animi
961 610 1075 693 potius
1094 609 1411 720 praesen-‘22:325‘

136 710 203 773 tiam
220 729 276 772 seu
293 705 563 786 sollicitudinem,
579 727 681 792 ,quam
698 707 842 792 corperis
859 708 1079 791 praesentiam
1097 718 1245 792 spectan-
1396 699 1404 710 ⁸

135 807 200 870 dam
215 829 301 887 esse3
326 806 554 871 definitionem
572 804 661 870 illam
684 815 801 889 parum
817 803 969 870 utilitatis
984 825 1055 870 essa
1069 805 1245 889 produntu-

134 927 203 969 ram.
227 943 268 952 »κ
280 906 535 988 aPraeterquam
551 902 639 988 quod
656 901 698 966 ab
712 901 902 983 huiusmodi
917 902 1083 969 decisione
1096 904 1245 969 sinistras

134 1005 374 1068 consecutiones
396 1001 576 1068 studuisset
597 999 764 1066 deducere
780 1000 886 1066 nimia
899 1001 1085 1066 animorum
1103 1001 1243 1081 affectio,

133 1123 251 1185 semper
275 1100 515 1184 sophismatum
539 1108 572 1162 et
596 1098 791 1164 cavillarum
807 1101 969 1180 amatrix,
998 1099 1138 1166 Romani
1161 1101 1246 1164 Pon·

133 1198 219 1261 tilicis
242 1199 431 1262 auctoritati
455 1197 643 1281 injuriosas.

204 1297 263 1360 aa.
310 1297 389 1360 Post
421 1295 531 1380 plures
567 1315 762 1378 congressus
795 1317 917 1380 magna
950 1295 1098 1362 conlusio
1124 1305 1155 1360 at
1178 1317 1244 1360 am·

135 1393 267 1477 biguitas
292 1403 460 1478 comperta
491 1404 553 1475 est,
572 1393 779 1460 *definienda
803 1415 908 1458 necne
932 1415 983 1458 res
1007 1403 1102 1458 esset.
1149 1395 1246 1460 Tunc

133 1493 159 1554 in
173 1493 429 1575 congregatione
445 1490 593 1573 generali
609 1492 762 1576 vigesimi
780 1491 915 1576 Aprilis,
940 1493 988 1555 uti
1008 1493 1080 1576 jam
1095 1495 1248 1577 superius

132 1590 377 1669 enarravimus,
406 1589 524 1672 Legati
554 1611 574 1652 a
603 1589 759 1654 Patribus
799 1589 1051 1674 expostularunt
1088 1591 1247 1674 suffragia

132 1690 290 1771 praecisa,
322 1695 432 1752 utrum
468 1686 646 1760 articulum
681 1685 771 1750 hunc
807 1687 938 1752 definiri
972 1687 1096 1752 vellent
1128 1711 1244 1755 necne.

132 1784 230 1870 Prope
244 1786 455 1869 septuaginta
470 1783 614 1867 voluere,
641 1793 677 1848 ut
691 1783 849 1849 articulus
866 1784 1016 1850 absolute
1032 1785 1245 1869 definiretnr3

131 1884 258 1965 triginta
291 1891 371 1948 »octa
401 1880 455 1946 vel
484 1883 634 1964 triginta.
650 1903 771 1946 noveru
803 1882 953 1946 absoluta
990 1882 1174 1966 noluerunt,
1213 1893 1247 1948 et

131 1981 261 2063 triginta
285 1989 427 2064 quatuor
449 1979 692 2064 responderunt
715 1991 792 2044 eum
808 1982 1025 2062 restrictione,
1049 1983 1076 2044 si
1100 1982 1248 2066 placeret

131 2076 297 2160 Pontifici3
322 2077 471 2162 adeoque
495 2099 553 2162 pro
578 2079 743 2142 sententia
766 2089 910 2161 negante
933 2079 1162 2144 definitionem
1183 2101 1245 2164 pro

130 2185 269 2260 tempore
301 2175 408 2261 major
439 2175 503 2240 fuit
535 2177 767 2260 suffragiorum
798 2199 885 2261 pars.
941 2175 1078 2262 Saepius
1108 2178 1242 2263 quidem

131 2273 451 2359 maligneplurimos
482 2273 570 2338 dicit
588 2273 700 2339 servili
725 2276 758 2338 iu
782 2275 978 2340 Pontificem
1010 2276 1121 2340 animo
1146 2275 1244 2340 decli-

131 2393 218 2437 nasse
249 2371 492 2453 definiticnem,
525 2372 583 2436 sed
614 2374 677 2436 ista
707 2373 801 2436 inre
831 2394 874 2436 ex
897 2374 1006 2438 animi.
1033 2375 1246 2458 persuasione

131 2469 236 2534 Patres
265 2471 448 2533 universim
480 2468 608 2538 locutos
637 2471 748 2552 ducisse,
781 2479 813 2538 et
843 2492 885 2534 ex
904 2471 1026 2556 judieii
1051 2471 1246 2538 diversitate

131 2569 314 2651 provenisse
341 2567 569 2634 'diversitatem
600 2568 843 2656 suffragiorum,
874 2590 911 2632 re
941 2570 1132 2634 examinata
1156 2569 1243 2637 colli·

131 2667 219 2748 gitnr.
255 2667 307 2730 Ita
331 2665 524 2750 ex¹Legatis
547 2666 750 2732 Mantuanus
775 2675 807 2730 et
830 2665 1034 2752 Seripandus
1058 2666 1243 2734 definitioni

131 2763 290 2830 favebant.
338 2762 530 2847 simonetta,
562 2766 781 2850 peritissimus
812 2766 848 2830 in
873 2765 949 2850 jure
974 2767 1144 2840 canonico,
1176 2765 1246 2832 fere

134 2862 171 2924 uti
194 2862 359 2926 funestam
384 2862 556 2946 spectabat
580 2862 808 2930 definitionem
832 2883 971 2947 eamque
995 2863 1120 2929 evitare
1138 2862 1245 2926 stude·

134 2956 190 3024 lat.
223 2960 332 3046 Ipsius
355 2961 466 3042 frater,
492 2960 908 3046 episcopusPisaurieneis,
934 2961 1146 3045 caeteroquin
1161 2961 1245 3025 Pon-

131 3058 204 3122 tilici
236 3058 495 3140 addictissimus,
528 3059 755 3124 definitionem
789 3058 930 3140 volebat,
961 3058 1149 3144 pariterque
1179 3067 1247 3123 tres

132 3158 267 3241 supremi
291 3156 474 3222 Generales
497 3156 663 3222 Ordinem
695 3156 975 3238 mendicantium,
1007 3165 1040 3220 et
1070 3157 1246 3242 episcopus

132 3251 277 3320 Sutrinos
316 3255 452 3320 ditionis
489 3255 680 3340 pontificiae
718 3255 912 3339 suffragium
955 3276 1013 3340 pro
1052 3253 1246 3320 definitione

131 3350 295 3418 dederunt.

213 3451 263 3518 96.
312 3451 456 3516 Tantum
488 3451 605 3534 abfuit,
637 3451 727 3537 quod
758 3473 811 3516 res
842 3453 876 3515 iu
909 3449 1071 3516 Pontifice
1100 3451 1246 3535 reposita

130 3558 252 3630 gratnm
267 3549 346 3613 huic
363 3550 559 3635 obsequium
576 3550 669 3632 foret,
694 3558 731 3613 ut
747 3550 858 3613 verius
883 3551 917 3611 in
941 3550 1041 3612 tricas
1065 3547 1246 3632 inexplica-

130 3643 207 3710 biles
238 3670 313 3712 eum
345 3649 532 3734 conjecerit.
579 3648 713 3712 Etenim
747 3646 1028 3733 quemadmodum
1061 3654 1093 3708 et
1123 3669 1183 3712 sua
1213 3655 1248 3709 et

132 3748 290 3810 communi
306 3746 443 3810 Patrum
468 3747 632 3810 sententia
656 3748 786 3831 scripsit
801 3745 844 3810 ad
862 3746 1020 3810 Cosmum
1036 3744 1244 3808 Medianenm

131 3839 242 3908 Orator
258 3843 496 3923 Florentium,
527 3843 677 3911 odiosum
709 3843 895 3924 videbatur,
926 3843 1012 3908 nolle
1036 3841 1245 3924 Pontificem,

132 3949 164 4000 ut
185 3941 225 4006 ad
248 3941 508 4007 declarationem
532 3942 773 4027 procederetur,
806 3940 939 4027 quando
972 3940 1069 4025 longe
1093 3940 1246 4025 pluribus

132 4035 181 4100 illa
215 4036 323 4104 fuerat
359 4039 511 4104 absolute
546 4040 695 4125 probata,
735 4061 835 4124 quam
866 4037 1015 4103 absolute
1047 4036 1245 4124 improbata.
1341 4111 1342 4114 Ἴ

133 4133 214 4201 luter
237 4159 291 4202 eos
315 4140 374 4224 qni
395 4160 471 4202 eam
496 4137 675 4223 probarent
698 4138 766 4202 fere
791 4159 905 4202 omnes
929 4144 1023 4202 erant
1046 4158 1089 4200 ex
1104 4139 1244 4200 nationi-

133 4230 186 4298 bus
208 4236 249 4300 ab
273 4236 391 4300 Italica
416 4236 590 4319 distinctis,
616 4246 648 4300 at
670 4259 691 4300 a
713 4235 827 4302 multis·
842 4258 881 4302 ea
897 4235 1094 4300 censebatur
1118 4242 1154 4296 ut
1177 4232 1244 4297 effi·
