3288 4900
499 441 610 500 Concilii
629 442 754 512 periodus
772 443 867 510 prima.
1190 446 1242 500 103

144 609 207 650 cunr
235 585 466 653 difficillimum
498 595 704 672 compertum
749 596 833 650 esset
872 587 1057 655 sacerdotes
1087 611 1108 652 a
1138 587 1247 652 ductis

145 684 287 748 uxoribus
304 685 445 768 sejungi,
470 694 502 747 et
525 686 753 769 experimento
769 694 944 766 constaret,
969 686 1094 770 aliquot
1108 686 1247 771 populos

143 781 177 846 ab
190 782 394 848 Eucharistia
417 782 629 870 suscipienda
653 782 714 847 sub
737 793 876 868 utraque
901 785 1010 868 specie
1034 783 1157 852 abduci
1181 806 1247 850 non

144 903 231 964 posse,
256 891 432 966 utrumque
456 879 663 947 tolerandum
689 903 769 961 esse,
795 880 901 946 donec
926 879 1113 945 Concilium
1138 883 1247 948 decer-

144 989 218 1044 neret
239 979 273 1043 id
298 979 384 1064 quod
412 977 582 1044 Ecclesiae
607 980 712 1062 magis
736 979 944 1063 profuturum
969 989 1125 1064 putasset.

214 1085 265 1151 55.
306 1085 381 1150 Hoc
405 1087 506 1168 igitur
529 1084 699 1150 decretum
723 1086 855 1148 Interim
879 1083 1016 1150 Carolus
1032 1088 1066 1150 V
1090 1088 1125 1150 in
1150 1086 1351 1152 comparem
1371 1087 1418 1128 ¹¹¹¹·
1467 1083 1470 1090 ’

142 1186 184 1246 tra
205 1185 374 1268 ragusae
405 1183 528 1248 aaran
556 1206 585 1250 a.
617 1184 702 1248 1549
732 1182 786 1247 aa
820 1183 877 1248 15⁰
900 1183 982 1268 Maji
1014 1184 1247 1270 promulgavit,
1272 1155 1403 1201 “mm

142 1293 169 1344 ut
196 1303 297 1367 usque
328 1281 372 1344 ad
407 1283 594 1347 sanctiones
628 1281 818 1349 definitivas
850 1280 992 1345 Concilii
1031 1285 1248 1366 oecumenici,

142 1378 294 1462 religionis
311 1378 476 1464 quaedam
493 1389 578 1443 esset
593 1400 719 1459 norma,
739 1401 830 1464 ,quae
853 1389 923 1446 tum
941 1378 1155 1454 aCatholicis
1178 1391 1248 1448 tum

140 1476 433 1543 aProtestantibus
457 1479 558 1562 recipi
584 1488 703 1562 posset.
744 1477 809 1544 Sed
834 1477 988 1542 Pontifici
1012 1487 1045 1540 et
1069 1477 1249 1544 Catholicis

141 1574 277 1656 plurimis
305 1575 393 1642 istud
419 1575 588 1640 decretum
613 1597 678 1639 non
704 1575 917 1659 probabatur,
950 1577 1029 1660 quia
1052 1577 1189 1640 nimiam
1215 1578 1250 1640 in

139 1696 166 1736 re
192 1675 345 1759 religiosa
370 1673 491 1740 Caesar
526 1674 589 1738 sibi
624 1674 800 1744 videbatur
833 1673 978 1738 tribuere
1009 1675 1249 1753 auctoritatem,

138 1783 223 1856 atquc
247 1774 472 1838 transactione
496 1773 641 1858 quadam
673 1771 831 1856 periculis
855 1784 887 1836 et
910 1771 1128 1854 ambiguitate
1151 1770 1251 1856 plena

139 1892 278 1937 roseum
302 1870 478 1934 haereticis
502 1870 797 1954 componebantur.
844 1869 1027 1934 Remissius
1044 1879 1154 1932 teman
1169 1869 1251 1934 Pau-

137 1966 179 2030 lus
200 1969 251 2032 llI
276 1967 340 2031 hac
364 1969 398 2030 in
422 1990 457 2031 re
481 1970 558 2052 egit.
590 1968 636 2031 At
659 1988 738 2031 vero
754 1969 817 2052 ipsi
841 1968 1064 2032 Protestantes
1087 1969 1251 2052 imprimis

138 2074 324 2149 respuerunt
355 2064 436 2129 illud
461 2066 601 2148 Interim,
634 2087 672 2130 eo
704 2065 792 2150 quod
818 2065 985 2130 doctrinas
1016 2088 1091 2129 suas
1115 2068 1252 2129 stritus
1314 2131 1317 2136 ,

137 2164 242 2228 eodem
267 2165 360 2250 rejici
386 2162 575 2227 censebant.
623 2161 678 2228 Sic
711 2162 821 2227 nullus
852 2163 920 2226 fere
951 2164 1078 2227 fructus
1109 2163 1165 2228 bic
1188 2165 1250 2226 Im·

138 2264 288 2344 peratoris
313 2273 451 2326 conatus
475 2261 661 2344 obtinuit.¹)

215 2360 269 2425 56.
317 2360 461 2424 Multum
493 2359 627 2445 quidem
661 2361 788 2424 interea
811 2358 935 2423 Paulus
960 2358 1010 2421 Ill
1043 2356 1252 2422 adlaboravit

139 2468 168 2520 ut
181 2459 392 2523 concordiam
410 2459 443 2520 in
461 2456 601 2521 Concilii
627 2459 758 2541 negotio
776 2478 852 2520 cum
869 2455 984 2520 Carolo
1001 2456 1032 2519 V
1055 2458 1249 2537 restitueret,

138 2556 277 2620 sedeam
296 2557 425 2619 invenit
449 2553 652 2618 obstinatum
676 2557 711 2618 in
729 2576 787 2618 suo
810 2577 927 2628 sensu;
952 2553 1129 2639 peculiaris
1152 2556 1251 2618 ctiam

140 2652 357 2720 dissensioeo
388 2663 536 2738 tempore
567 2655 653 2716 inter
682 2653 878 2717 Pontificem
911 2663 942 2714 et
975 2651 1150 2717 Caesarem
1182 2663 1253 2718 orta

140 2762 179 2813 est
201 2752 241 2815 dc
265 2753 470 2836 possessione
495 2751 635 2815 Parmae
667 2762 699 2814 et
723 2751 924 2817 Placentiae.
973 2750 1023 2814 Ne
1054 2753 1156 2835 igitur
1187 2772 1251 2814 cer·

140 2859 240 2914 tamen
266 2871 341 2912 oum
371 2847 513 2913 Caesare
537 2849 641 2912 veluti
666 2872 740 2913 cum
765 2848 936 2935 perduelle
961 2848 1144 2912 ineundum
1169 2857 1253 2912 esset

142 2967 169 3008 ao
193 2947 338 3012 schisma
361 2947 496 3033 aliquod
521 2949 671 3032 oriretur,
703 2948 826 3014 Paulus
858 2948 1091 3034 suspensionem
1119 2943 1254 3010 Concidit

141 3042 288 3125 decrevit,
313 3056 347 3108 et
369 3045 548 3110 Montanus
571 3046 698 3130 legatus
721 3046 775 3109 die
801 3045 859 3108 17⁰
883 3044 1087 3129 Septembris
1111 3066 1140 3108 a.
1167 3042 1252 3108 1549

139 3141 243 3207 Patres
267 3145 438 3208 Bononiae
470 3155 685 3228 congregatos
717 3144 853 3208 dimisit.
906 3143 1073 3207 Statuerat
1102 3142 1253 3205 Pontifex

205 3438 225 3503 ¹)
243 3437 359 3492 Praeter
388 3437 437 3490 hoc
465 3438 583 3490 Intem'm
612 3439 812 3506 Aapastonnm
843 3444 1065 3492 commemoratur
1095 3436 1161 3492 illud
1185 3435 1254 3501 quod

139 3514 231 3572 dicitur
258 3519 378 3572 Interim
403 3519 622 3582 Ratiobouense,
661 3517 788 3571 videlicet
824 3516 931 3570 libellus
977 3515 1024 3582 qui
1060 3531 1077 3568 a
1124 3518 1190 3568 15⁴2
1225 3516 1254 3568 in

140 3594 267 3664 Colloquio
276 3597 469 3652 Ratisbonensi
488 3597 641 3666 propositus
660 3596 716 3649 fuit
735 3598 769 3650 ad
779 3597 947 3650 concordiam
960 3596 989 3648 in
1002 3610 1032 3650 re
1044 3596 1173 3664 religiosa
1185 3595 1254 3648 obti-

139 3678 252 3744 nendam,
285 3680 328 3733 uti
353 3679 410 3746 jorn
438 3679 561 3744 superius
588 3677 712 3732 diximus.
750 3677 838 3744 Hujus
866 3676 949 3730 libelli
977 3682 1101 3729 auctores
1128 3675 1255 3728 dicuntur

140 3754 215 3814 luisse
229 3759 358 3827 Gropper,
377 3758 492 3826 Velwyk
512 3759 653 3825 theologus
672 3757 767 3826 Belga,
787 3766 815 3810 st
827 3757 955 3812 Buoerus.
976 3757 1094 3810 Intem'm
1108 3756 1255 3822 Lipsiense

140 3843 266 3898 postremo
285 3838 386 3892 dicitur
411 3838 608 3903 documentum,
641 3837 711 3903 quod
730 3853 751 3890 a.
775 3837 844 3892 1548
863 3836 981 3902 Lipsiae,
1010 3852 1091 3901 quum
1109 3835 1255 3888 Mauritius

141 3915 241 3971 Elector
259 3919 329 3976 Saxo
348 3933 402 3970 non
421 3917 579 3972 admitteret
598 3918 717 3972 Interim
736 3917 930 3984 Augustarum
949 3931 966 3968 a
985 3915 1080 3969 Oarolo
1093 3917 1118 3969 V
1136 3915 1255 3983 proposi·

141 4003 200 4061 tum,
218 4015 234 4052 a
252 3998 388 4066 theologis
406 3998 530 4066 pluribus
548 3997 764 4066 protestantibus
782 3998 937 4063 moderatis,
956 3998 1022 4051 duce
1040 3996 1255 4060 Melanchthone,

141 4077 282 4132 confectum
303 4087 351 4132 est.
388 4079 421 4132 Iu
440 4079 561 4146 pluribus
580 4078 1113 4144 modificaruntInterthugustanum5
1133 4082 1256 4130 attamen

142 4168 215 4216 quum
233 4159 262 4212 in
280 4159 374 4214 multis
393 4158 533 4214 doctrinae
551 4159 700 4213 catholicae
725 4159 863 4224 faverent,
891 4175 940 4214 nec
966 4158 1015 4212 illa
1036 4159 1158 4212 -tormula
1185 4158 1257 4226 apud

141 4231 322 4292 Protestautes
341 4244 449 4306 recepta
467 4238 530 4295 fuit.
