2964 4912
393 481 433 535 De
451 481 599 534 Schismate
616 481 806 550 Ultrajectino.
1110 483 1163 538 307

52 623 364 688 administrationem
380 645 481 709 penes
497 634 707 709 praetensum
723 625 903 711 capitulum
922 625 1162 712 Ultrajeetense

50 721 180 806 ejusque
218 722 392 785 Viearium
435 721 622 805 generalem
663 743 733 786 esse
779 723 1031 788 contenderunt.
1085 726 1163 789 Post

52 841 166 902 paucos
181 841 286 883 annos
307 821 361 882 isti
383 821 431 882 sic
447 819 527 883 dicti
550 822 702 887 canonici
718 819 984 905 Ultrajectenses,
1009 825 1162 908 quamvis

51 938 159 980 verum
193 916 374 1002 capitulum
408 917 596 980 nullatenus
629 919 882 998 constituerent,
919 919 1064 983 consiliis
1087 921 1162 984 Ber·

50 1015 138 1078 nardi
162 1015 279 1098 Zegeri
310 1015 379 1079 Vua
404 1017 511 1102 Espen
535 1015 678 1079 doctoris
701 1016 923 1080 Lovaniensis
951 1028 983 1080 et
1010 1039 1160 1104 quorum-

50 1111 119 1175 dam
150 1112 322 1176 doctorurn
347 1114 584 1177 Parisiensium
613 1135 630 1176 e
653 1113 798 1177 factione
822 1114 1071 1199 Appellantium
1097 1138 1161 1180 cor·
1187 1117 1318 1157 S⁰l¹⁵m⁸²¹⁸

48 1211 195 1291 roborati,
223 1210 286 1274 sibi
305 1211 363 1295 jus
386 1233 456 1274 esse
480 1211 721 1276 contenderunt
745 1211 1031 1297 archiepiscopum
1057 1213 1162 1278 Ultra·
1218 1183 1287 1220 mm

43 1309 221 1393 jectensem
246 1306 375 1391 eligere.
416 1307 597 1392 Elegerunt
620 1311 721 1392 igitur
741 1309 795 1372 die
812 1310 872 1372 270
889 1309 1013 1394 Aprilis
1029 1333 1058 1376 a.
1078 1313 1163 1376 1723

49 1408 78 1468 in
108 1405 395 1490 archiepiscopum
435 1405 611 1471 Cornelium
640 1405 847 1487 Stcccbcocu,
884 1410 941 1492 qui
969 1409 1040 1493 jam
1073 1409 1162 1494 apud

46 1503 112 1568 illos
127 1505 256 1568 Vicarii
279 1503 442 1588 generalis
466 1525 602 1568 munere
626 1504 836 1588 fungebatur,
862 1504 1014 1592 hancque
1035 1506 1163 1570 electio-

47 1623 115 1665 nem
139 1601 372 1686 significarunt
394 1601 433 1665 R.
454 1601 618 1683 Pontifici,
643 1614 680 1665 ut
702 1623 773 1664 eam
801 1601 1019 1668 confirmaret.
1067 1603 1163 1668 Inno-

47 1701 168 1763 centius
193 1698 280 1764 XIII
310 1699 354 1762 ad
377 1699 563 1782 petulantes
594 1721 707 1762 eorum
731 1699 855 1762 litteras
884 1701 1082 1784 respondere
1111 1703 1164 1766 de-

48 1797 197 1882 dignatus
228 1805 287 1860 est.
334 1797 417 1858 Post
446 1797 517 1882 ejus
546 1796 674 1860 obitum
707 1795 936 1862 Cardinalium
968 1797 1162 1884 Collegium,

47 1893 124 1960 Sede
148 1905 309 1975 vacante,
340 1892 457 1958 litteris
481 1893 535 1957 die
560 1895 597 1958 8⁰
620 1893 748 1979 Aprilis
775 1896 860 1958 1724
891 1896 976 1959 datis
999 1897 1042 1960 ad
1067 1899 1163 1966 inter-

48 1996 195 2059 nuntium
226 1990 394 2058 Bruxellis
423 2001 576 2074 agentem
597 1991 782 2077 ¹prohibuit
814 1993 969 2057 omnibus
1000 1997 1163 2079 episcopis

48 2093 169 2173 vicinis,
195 2091 373 2176 quominus
398 2087 587 2154 Cornelium
613 2089 825 2155 Steenhoven
849 2103 1089 2157 consecrarent.

128 2191 182 2254 98.
229 2188 354 2251 Verum
391 2187 610 2251 schismaticis
652 2197 782 2274 praesto
816 2188 881 2252 fuit
915 2189 1031 2252 infelix
1066 2187 1162 2253 homo

47 2287 227 2352 Dominicus
242 2288 354 2349 Maria
376 2285 485 2349 Varlet
509 2290 554 2366 (n.
574 2287 684 2367 1678).
731 2288 807 2372 Ipse
832 2307 850 2350 e
873 2287 1066 2372 presbytero
1091 2290 1164 2351 mis·

47 2386 168 2448 sionum
194 2394 383 2447 exterarum
405 2383 541 2447 Parisiis
564 2407 594 2449 a.
622 2385 707 2448 1718
731 2407 751 2448 a
773 2381 944 2449 Clemente
960 2386 1011 2449 XI
1035 2397 1163 2450 creatus

47 2493 89 2546 est
110 2486 286 2568 episcopus
302 2479 537 2545 Ascalonensis
561 2489 594 2544 et
617 2481 789 2568 coadjutor
809 2483 955 2568 episcopi
971 2483 1162 2568 Babylonis.

48 2580 150 2659 Quum
176 2584 213 2645 in
237 2580 353 2643 Asiam
378 2580 658 2663 proficisceretur,
691 2582 823 2644 transiit
845 2603 906 2667 per
930 2581 1163 2660 Hollandiam;

48 2677 281 2744 Amstelcdami
306 2677 396 2762 apud
411 2677 630 2757 Jansenistas,
656 2679 776 2764 quibus
801 2678 933 2742 deditus
950 2694 1028 2760 erat,
1055 2701 1162 2744 moras

47 2779 154 2858 traxit,
195 2777 302 2861 iisque
341 2774 585 2859 postulantibus
624 2786 867 2840 sacramentum
903 2777 1162 2842 confirmationis

47 2874 297 2939 administravit.
347 2872 442 2952 Quae
458 2895 533 2937 cum
558 2876 749 2957 agnovisset
762 2874 800 2938 R.
817 2875 982 2956 Pontifex,
1007 2876 1161 2961 episcopo

47 2972 213 3057 Ispahensi
238 2973 273 3035 in
296 2970 432 3035 Perside
455 2971 646 3053 mandavit,
678 2981 714 3035 ut
737 2972 909 3036 Varletum
941 2973 983 3037 ab
1008 2972 1162 3038 omnibus

47 3069 267 3134 functionibus
292 3069 536 3153 episcopalibus
559 3070 784 3155 suspenderet.
833 3069 985 3134 Varletus
1009 3069 1073 3134 hac
1089 3093 1162 3136 cen-

48 3189 116 3230 sura
147 3168 340 3252 perstrictus
363 3166 477 3231 Asiam
503 3167 652 3253 reliquit,
684 3169 849 3254 rediitque
877 3171 910 3231 in
937 3167 1160 3242 Hollandiam

47 3264 97 3327 ubi
133 3287 167 3328 se
203 3264 403 3328 Jansenistis
438 3265 621 3350 conjunxit.
676 3266 765 3329 Dein
802 3266 856 3330 die
893 3268 952 3330 15⁰
987 3265 1160 3331 Februarii

47 3383 73 3424 a.
97 3364 181 3428 1723
206 3385 226 3426 a
242 3362 339 3426 Bulla
367 3364 551 3448 Unigenitus
575 3372 607 3427 et
630 3385 650 3427 a
674 3366 822 3428 censuris
846 3363 967 3450 quibus
991 3375 1061 3428 erat
1083 3363 1161 3448 liga-

47 3466 93 3522 tus
115 3461 157 3524 ad
181 3460 330 3523 futurum
356 3457 542 3524 Concilium
566 3460 719 3546 generale
743 3460 942 3547 appellavit,
968 3472 1000 3524 et
1024 3462 1078 3524 die
1104 3464 1162 3526 13⁰

48 3554 193 3622 Octobris
224 3579 253 3622 a.
281 3559 382 3640 1724,
414 3560 567 3643 quamvis
597 3580 794 3644 suspensus,
827 3559 1022 3622 interdictus
1053 3567 1086 3622 et
1109 3581 1160 3622 ex·

48 3657 312 3737 communicatus,
338 3655 596 3736 Amstelodami,
621 3656 850 3726 assistentibus
874 3655 1004 3720 duobus
1027 3656 1160 3741 presby-

47 3754 116 3816 teris
138 3754 348 3833 refractariis,
375 3752 565 3817 Cornelium
588 3753 798 3818 Stoenhoven
823 3755 1031 3818 consecravit
1055 3754 1160 3817 archi-

48 3850 229 3936 episcopum
256 3851 543 3936 Ultrajectensem.

127 3949 179 4014 99.
216 3948 419 4012 Benedictus
443 3949 534 4012 Xlll
558 3971 637 4013 mox
661 3949 715 4012 die
739 3950 800 4012 210
824 3949 999 4012 Februarii
1023 3951 1159 4014 111725

49 4040 86 4104 ad
112 4047 282 4110 universos
308 4045 496 4110 Catholicos
527 4049 561 4110 in
586 4046 766 4110 Hellandia
791 4055 1033 4110 commorantes
1068 4045 1161 4110 dedit

51 4134 179 4225 litteras,
210 4143 331 4229 quibus
355 4143 550 4210 electionem
576 4142 719 4208 Cornelii
750 4144 892 4225 nullam,
926 4144 1062 4230 ejusque
1086 4165 1160 4210 con-

51 4241 254 4305 secrationem
287 4241 480 4324 sacrilegam
506 4241 705 4322 declaravit,
738 4263 813 4306 euni
838 4241 993 4306 omnibus
1021 4243 1160 4306 functio-

944 4347 1000 4401 20*
