2964 4912
298 455 352 510 372
555 453 626 507 XLI.
664 453 704 508 De
722 451 912 507 Declaratione
931 451 1002 506 Cleri
1021 450 1165 508 Gallicani.

299 620 360 663 nec
385 599 563 662 convenire
588 595 775 674 videbatur,
801 595 931 660 macula
955 595 1099 681 quadarn
1124 595 1259 660 afficere
1279 594 1411 660 illustres

298 699 387 760 viros
418 697 475 781 qui
500 695 767 760 Declarationem
792 695 985 774 emiserant,
1022 692 1112 757 unde
1144 695 1201 778 qui
1224 693 1411 758 resistebant
1469 757 1470 800 ,

298 794 401 858 veluti
426 795 569 858 nationis
592 792 716 877 gloriae
740 800 773 854 et
795 791 912 854 honori
937 791 1047 855 infesti
1071 790 1292 856 habebantur.

388 909 440 976 65.
487 910 644 994 Religiosi
669 907 843 972 Societatis
866 908 948 973 Jesu
981 909 1015 970 in
1040 907 1150 972 Gallia
1173 929 1240 972 non
1264 908 1412 972 videntur

298 1008 487 1074 adhaesisse
501 1007 728 1072 Declarationi
753 1028 860 1092 neque
884 1006 1009 1090 aRege
1033 1008 1138 1070 coacti
1162 1007 1264 1070 fuisse
1287 1016 1324 1070 ut
1347 1029 1413 1070 earn

298 1106 550 1186 admitterent.¹)
597 1106 672 1170 Non
706 1105 883 1168 defuerunt
914 1113 1025 1168 tamen
1059 1106 1116 1190 qui
1145 1105 1291 1170 Jesuitas
1325 1104 1410 1168 vehe-

299 1207 442 1270 mentius
465 1205 686 1288 exagitarunt,
711 1202 800 1288 quod
824 1204 897 1288 ipsi,
922 1224 962 1266 ac
985 1205 1179 1287 praesertim
1201 1203 1414 1267 confessarius

298 1305 384 1386 regis
409 1303 445 1367 P.
478 1302 519 1366 de
550 1301 582 1365 la
612 1300 752 1385 Chaize,
790 1302 825 1364 in
856 1302 1048 1386 quaestione
1081 1299 1122 1364 de
1151 1301 1278 1385 regalia
1309 1323 1349 1364 ac
1378 1300 1414 1363 de

298 1399 507 1466 libertatibus
531 1398 714 1464 Gallicanis
737 1400 825 1482 regis
848 1399 958 1483 potius
982 1420 1082 1484 quam
1097 1396 1193 1462 Sedis
1209 1397 1413 1484 Apostolicae

297 1509 407 1584 partes
438 1498 578 1562 tuendas
603 1499 816 1582 susceperint.
864 1497 996 1560 Acriter
1025 1498 1059 1559 in
1085 1518 1139 1560 eos
1162 1498 1266 1560 variis
1290 1497 1416 1580 scriptis

298 1599 329 1664 J.
356 1595 472 1661 Caulet
496 1597 670 1681 episcopus
694 1595 907 1679 Apamiensis
931 1617 970 1658 ac
995 1594 1072 1658 dein
1095 1594 1133 1658 P.
1151 1592 1257 1675 Oerle,
1281 1593 1415 1658 admini-

299 1704 417 1760 strator
448 1694 607 1758 dioecesis
631 1692 717 1756 illius
749 1694 959 1758 invexerunt.
1005 1693 1119 1756 Pauca
1148 1691 1337 1756 haedere
1366 1692 1413 1755 ad·

299 1802 427 1857 vertere
451 1792 604 1856 sufficiat.
629 1828 671 1838 -
704 1790 896 1856 Universim
925 1790 966 1853 de
991 1790 1154 1856 Societate
1178 1790 1261 1855 Jesu
1285 1789 1416 1875 ejusque

299 1891 426 1954 ratione
450 1890 572 1972 agendi
597 1888 661 1952 illis
686 1889 720 1952 in
745 1887 1004 1974 quaestionibus,
1029 1889 1152 1974 optime
1176 1888 1293 1952 scribit
1310 1886 1415 1951 (lardi-

299 1988 383 2053 nalis
408 1987 615 2052 Coelestinus
640 1985 818 2068 Sfondrati,
844 1987 900 2071 qui
925 2007 1028 2071 quum
1052 1987 1086 2052 in
1112 1986 1241 2051 duobus
1265 1985 1417 2071 operibus

300 2087 495 2151 commotius
529 2086 569 2149 de
603 2083 734 2150 Galliae
766 2083 905 2148 Jesuitis
939 2083 1092 2167 dixisset,
1129 2107 1213 2171 quae
1245 2086 1417 2170 scripserat

298 2183 508 2247 retractando
525 2181 617 2246 hisce
633 2203 777 2266 congrue
793 2180 991 2267 explicavit:
1011 2180 1097 2266 „Sed
1114 2184 1321 2268 praesertim,
1339 2203 1415 2268 quas

299 2284 333 2345 in
368 2291 506 2366 utroque
533 2279 617 2343 libro
653 2278 788 2362 (Regale
812 2277 1059 2362 Sacerdotium,
1093 2278 1203 2344 Gallia
1235 2280 1414 2356 vindicata)

300 2379 340 2443 de
364 2377 519 2442 Patribus
539 2377 713 2442 Societatis
738 2377 828 2441 dicta
852 2387 943 2462 sunt,
976 2401 1014 2442 ea
1039 2378 1079 2442 de
1103 2378 1271 2464 aliquibus
1297 2388 1330 2443 et
1353 2401 1414 2463 par·

299 2477 493 2541 ticularibus
523 2486 654 2539 tantum
685 2474 825 2560 intelligi
850 2485 993 2560 oportet,
1031 2476 1121 2540 nulla
1151 2488 1263 2540 autem
1294 2478 1415 2540 ratione

300 2574 340 2639 de
371 2583 438 2638 toto
463 2573 637 2637 Societatis
662 2595 808 2658 corpore.
856 2572 1055 2638 Societatem
1086 2577 1174 2638 enim
1200 2577 1310 2661 ipsam
1335 2573 1416 2660 quod

300 2676 431 2755 attinet,
456 2683 585 2737 tantum
609 2672 716 2752 abest,
742 2695 815 2736 eam
840 2673 1030 2756 pontificiae
1054 2675 1242 2737 auctoritati
1267 2673 1416 2736 adversa·
1473 2699 1474 2704 ¹

299 2785 367 2838 tam
400 2794 488 2854 esse,
521 2782 557 2835 ut
579 2773 689 2856 potius
714 2770 892 2834 dicendum
918 2771 974 2851 sit,
1009 2769 1050 2833 de
1079 2779 1147 2834 tota
1170 2770 1355 2835 christiana
1375 2792 1414 2832 re·

298 2870 433 2958 publica
457 2871 595 2955 ipsaque
619 2867 811 2953 Apostolica
828 2866 913 2932 Sede
938 2869 1061 2953 optime
1086 2879 1118 2932 et
1140 2869 1305 2933 hactenus
1330 2869 1415 2932 meri-

298 2979 367 3034 tam
391 2991 471 3050 esse,
497 2978 528 3030 et
552 2969 586 3030 in
610 2966 673 3030 hac
698 2968 770 3051 ipsa
795 2988 895 3030 eausa
919 2989 1018 3052 quam
1042 2988 1122 3051 prae
1143 2966 1301 3031 manibus
1325 2965 1415 3030 habe-

304 3152 512 3159 ——..---—-

375 3255 393 3320 ¹)
415 3253 483 3318 „Les
501 3251 622 3306 Jesuites
649 3250 780 3305 venaient
808 3250 840 3304 de
859 3250 955 3304 rendre
983 3248 1045 3302 ala
1063 3250 1166 3304 Frenoe
1194 3257 1223 3304 et
1250 3266 1288 3305 an
1306 3251 1359 3305 Roi
1383 3265 1415 3302 un

298 3332 402 3386 service
428 3331 534 3400 signale
562 3331 629 3384 dans
648 3329 763 3384 l’affaire
791 3330 837 3384 des
856 3329 928 3384 brefs
957 3337 985 3383 et
1004 3330 1037 3384 de
1063 3331 1360 3398 l'exoommunieation3
1386 3345 1414 3382 on

299 3412 368 3465 croit
395 3412 460 3479 qu'il
487 3411 526 3465 les
545 3410 671 3478 dispensa
699 3410 731 3464 de
756 3410 851 3479 signer
879 3411 917 3464 les
936 3415 1032 3476 quatre
1061 3410 1177 3468 articles.
1214 3411 1284 3465 L'on
1313 3417 1414 3465 recente

298 3493 383 3546 meme
402 3506 454 3557 que
471 3490 497 3543 le
510 3492 578 3544 Pero
597 3491 624 3544 la
637 3489 736 3544 chaine
754 3489 847 3544 refusa
865 3491 898 3544 de
916 3490 1022 3545 ratifier
1040 3494 1112 3544 cette
1131 3492 1284 3558 exception,
1305 3493 1343 3564 (l)
1361 3505 1415 3546 sous

299 3575 424 3640 pretexte
449 3585 500 3638 que
528 3571 567 3623 les
585 3570 706 3625 Jesuites
726 3571 831 3625 etaient
859 3571 933 3624 aussi
950 3571 1016 3624 bons
1034 3571 1165 3638 Francais
1190 3587 1242 3638 que
1266 3573 1308 3627 les
1331 3577 1414 3627 autres

299 3653 404 3720 pretres
422 3651 458 3705 du
477 3665 613 3718 royaume.
649 3650 731 3704 Leuis
750 3651 830 3716 XIV,
859 3651 951 3718 sioute
979 3667 1025 3716 on,
1049 3651 1181 3706 maintint
1199 3653 1227 3706 ls
1246 3654 1370 3722 dispensa
1386 3667 1413 3704 en

299 3735 358 3789 leur
376 3735 480 3791 favour.
518 3733 586 3800 Qu’y
605 3733 680 3786 a-til
698 3733 731 3786 de
745 3733 806 3787 vrai
825 3749 859 3787 ou
878 3734 911 3787 de
926 3733 994 3787 faux
1012 3733 1079 3786 dans
1098 3737 1170 3787 cette
1188 3733 1344 3788 tradition?
1369 3731 1415 3784 Les

299 3828 434 3882 ouvrages
453 3812 499 3878 qui
517 3813 635 3868 traitent
654 3813 686 3867 de
704 3813 1055 3878 laDeclsrationde1682,
1074 3813 1114 3867 les
1125 3813 1267 3868 memoires
1287 3814 1323 3867 du
1336 3819 1413 3878 temps

300 3899 328 3948 et
353 3894 391 3948 les
410 3893 532 3948 archives
551 3894 583 3948 de
603 3894 675 3948 (lesu
700 3892 825 3948 n'offrent
845 3909 948 3948 aucune
966 3900 1042 3948 traco
1069 3893 1281 3962 d'engagement
1299 3895 1354 3962 pris
1371 3907 1414 3960 par

299 3975 326 4027 la
345 3972 511 4041 compagnie
535 3989 604 4040 pour
621 3973 756 4041 professor
780 3974 818 4027 les
838 3979 934 4040 quatre
953 3972 1070 4030 articles.
1107 3974 1180 4026 Tout
1198 3990 1228 4028 ce
1253 3980 1333 4040 qu‘on
1356 3979 1414 4040 pent

300 4055 424 4109 concluse
442 4055 488 4107 des
507 4055 602 4108 lettres
628 4055 663 4108 dn
682 4055 749 4107 Pers
768 4054 795 4107 la
815 4054 914 4108 Chaize
933 4070 968 4107 au
988 4053 1105 4108 Genera]
1123 4053 1157 4108 dc
1175 4054 1328 4119 l'Institut,
1355 4057 1415 4106 c'sst

301 4149 351 4200 que
376 4133 415 4187 les
433 4132 552 4187 Jesuites
575 4134 740 4200 yauraient
765 4134 863 4188 adhere
888 4135 911 4187 si
937 4150 971 4187 on
997 4135 1056 4187 leur
1081 4150 1114 4187 sn
1133 4134 1181 4187 esst
1209 4134 1263 4187 fait
1288 4149 1340 4188 une
1358 4132 1409 4184 lot:

299 4213 528 4278 Oretineaudoly,
547 4214 581 4269 H.
601 4214 626 4267 d.
646 4215 663 4270 l.
684 4215 711 4272 C,
732 4214 772 4269 ch.
792 4215 878 4271 XXX.
