<?xml version="1.0" encoding="UTF-8"?>
<!DOCTYPE html PUBLIC "-//W3C//DTD XHTML 1.0 Transitional//EN"
    "http://www.w3.org/TR/xhtml1/DTD/xhtml1-transitional.dtd">
<html xmlns="http://www.w3.org/1999/xhtml" xml:lang="en" lang="en">
 <head>
  <title>
</title>
<meta http-equiv="Content-Type" content="text/html;charset=utf-8" />
  <meta name='ocr-system' content='tesseract 3.04.00' />
  <meta name='ocr-capabilities' content='ocr_page ocr_carea ocr_par ocr_line ocrx_word'/>
</head>
<body>
  <div class='ocr_page' id='page_1' title='image "./dissertationess03junggoog_0234.png"; bbox 0 0 3336 4908; ppageno 0'>
   <div class='ocr_carea' id='block_1_1' title="bbox 301 460 1145 548">
    <p class='ocr_par' dir='ltr' id='par_1_1' title="bbox 301 460 1145 548">
     <span class='ocr_line' id='line_1_1' title="bbox 301 460 1145 548; baseline -0.004 -15"><span class='ocrx_word' id='word_1_1' title='bbox 301 481 341 534; x_wconf 89' lang='lat' dir='ltr'><strong>De</strong></span> <span class='ocrx_word' id='word_1_2' title='bbox 360 469 526 536; x_wconf 83' lang='lat' dir='ltr'><strong>Janscnismi</strong></span> <span class='ocrx_word' id='word_1_3' title='bbox 544 478 651 548; x_wconf 78' lang='lat' dir='ltr'><strong>origine</strong></span> <span class='ocrx_word' id='word_1_4' title='bbox 669 485 698 533; x_wconf 91' lang='lat' dir='ltr'><strong>et</strong></span> <span class='ocrx_word' id='word_1_5' title='bbox 713 492 868 546; x_wconf 82' lang='lat' dir='ltr'><strong>progressu.</strong></span> <span class='ocrx_word' id='word_1_6' title='bbox 1092 460 1145 530; x_wconf 72' lang='grc'>201</span> 
     </span>
    </p>
   </div>
   <div class='ocr_carea' id='block_1_2' title="bbox 45 615 1289 710">
    <p class='ocr_par' dir='ltr' id='par_1_2' title="bbox 45 615 1289 710">
     <span class='ocr_line' id='line_1_2' title="bbox 45 615 1289 710; baseline -0.008 -24"><span class='ocrx_word' id='word_1_7' title='bbox 45 623 77 686; x_wconf 93' lang='lat' dir='ltr'><strong>ld</strong></span> <span class='ocrx_word' id='word_1_8' title='bbox 104 625 251 710; x_wconf 88' lang='lat' dir='ltr'><strong>quamvis</strong></span> <span class='ocrx_word' id='word_1_9' title='bbox 280 623 416 708; x_wconf 85' lang='lat' dir='ltr'>Lipsius</span> <span class='ocrx_word' id='word_1_10' title='bbox 455 624 581 708; x_wconf 88' lang='lat' dir='ltr'><strong>optima</strong></span> <span class='ocrx_word' id='word_1_11' title='bbox 611 622 735 686; x_wconf 89' lang='lat' dir='ltr'><strong>faceret</strong></span> <span class='ocrx_word' id='word_1_12' title='bbox 773 621 967 702; x_wconf 89' lang='lat' dir='ltr'><strong>intentione,</strong></span> <span class='ocrx_word' id='word_1_13' title='bbox 1005 616 1143 704; x_wconf 88' lang='lat' dir='ltr'><strong>periculi</strong></span> <span class='ocrx_word' id='word_1_14' title='bbox 1182 617 1219 658; x_wconf 71' lang='lat'><strong>³⁰·</strong></span> <span class='ocrx_word' id='word_1_15' title='bbox 1234 615 1289 656; x_wconf 75' lang='lat' dir='ltr'><strong>V0‘·</strong></span> 
     </span>
    </p>
   </div>
   <div class='ocr_carea' id='block_1_3' title="bbox 33 715 1149 2177">
    <p class='ocr_par' dir='ltr' id='par_1_3' title="bbox 33 715 1149 2177">
     <span class='ocr_line' id='line_1_3' title="bbox 44 715 1145 807; baseline -0.004 -23"><span class='ocrx_word' id='word_1_16' title='bbox 44 721 152 807; x_wconf 89' lang='lat' dir='ltr'><strong>aliquid</strong></span> <span class='ocrx_word' id='word_1_17' title='bbox 182 721 328 786; x_wconf 89' lang='lat' dir='ltr'><strong>habebat</strong></span> <span class='ocrx_word' id='word_1_18' title='bbox 358 743 416 806; x_wconf 95' lang='lat' dir='ltr'><strong>pro</strong></span> <span class='ocrx_word' id='word_1_19' title='bbox 441 720 650 785; x_wconf 80' lang='lat' dir='ltr'><strong>adolescente</strong></span> <span class='ocrx_word' id='word_1_20' title='bbox 682 720 863 785; x_wconf 80' lang='lat' dir='ltr'><strong>ambitione</strong></span> <span class='ocrx_word' id='word_1_21' title='bbox 893 717 991 803; x_wconf 90' lang='lat' dir='ltr'><strong>pleno</strong></span> <span class='ocrx_word' id='word_1_22' title='bbox 1016 727 1048 780; x_wconf 89' lang='lat' dir='ltr'><strong>ct</strong></span> <span class='ocrx_word' id='word_1_23' title='bbox 1071 715 1145 780; x_wconf 91' lang='lat' dir='ltr'><strong>cha·</strong></span> 
     </span>
     <span class='ocr_line' id='line_1_4' title="bbox 43 813 1146 903; baseline -0.005 -22"><span class='ocrx_word' id='word_1_24' title='bbox 43 821 159 883; x_wconf 82' lang='lat' dir='ltr'><strong>rectoris</strong></span> <span class='ocrx_word' id='word_1_25' title='bbox 189 819 278 886; x_wconf 87' lang='lat' dir='ltr'><strong>elati.</strong></span> <span class='ocrx_word' id='word_1_26' title='bbox 333 818 562 900; x_wconf 77' lang='lat' dir='ltr'><strong>Quadriennio</strong></span> <span class='ocrx_word' id='word_1_27' title='bbox 602 819 691 882; x_wconf 92' lang='lat' dir='ltr'><strong>enim</strong></span> <span class='ocrx_word' id='word_1_28' title='bbox 731 839 795 903; x_wconf 93' lang='lat' dir='ltr'><strong>quo</strong></span> <span class='ocrx_word' id='word_1_29' title='bbox 833 814 1018 898; x_wconf 83' lang='lat' dir='ltr'><strong>theologiae</strong></span> <span class='ocrx_word' id='word_1_30' title='bbox 1057 813 1146 898; x_wconf 93' lang='lat' dir='ltr'><strong>apud</strong></span> 
     </span>
     <span class='ocr_line' id='line_1_5' title="bbox 43 912 1148 1005; baseline -0.005 -26"><span class='ocrx_word' id='word_1_31' title='bbox 43 916 169 981; x_wconf 87' lang='lat' dir='ltr'><strong>Jesuitas</strong></span> <span class='ocrx_word' id='word_1_32' title='bbox 193 939 328 1005; x_wconf 74' lang='lat' dir='ltr'><strong>operam</strong></span> <span class='ocrx_word' id='word_1_33' title='bbox 352 916 455 981; x_wconf 88' lang='lat' dir='ltr'><strong>dabat</strong></span> <span class='ocrx_word' id='word_1_34' title='bbox 478 925 566 980; x_wconf 88' lang='lat' dir='ltr'><strong>certe</strong></span> <span class='ocrx_word' id='word_1_35' title='bbox 590 915 773 1000; x_wconf 85' lang='lat' dir='ltr'><strong>indigebat,</strong></span> <span class='ocrx_word' id='word_1_36' title='bbox 804 924 841 978; x_wconf 91' lang='lat' dir='ltr'><strong>ut</strong></span> <span class='ocrx_word' id='word_1_37' title='bbox 869 936 911 977; x_wconf 86' lang='lat' dir='ltr'><strong>ex</strong></span> <span class='ocrx_word' id='word_1_38' title='bbox 935 912 1148 978; x_wconf 78' lang='lat' dir='ltr'><strong>Scholasticis</strong></span> 
     </span>
     <span class='ocr_line' id='line_1_6' title="bbox 43 1010 1148 1100; baseline -0.004 -24"><span class='ocrx_word' id='word_1_39' title='bbox 43 1013 163 1078; x_wconf 88' lang='lat' dir='ltr'><strong>solidam</strong></span> <span class='ocrx_word' id='word_1_40' title='bbox 194 1028 360 1100; x_wconf 89' lang='lat' dir='ltr'><strong>promeret</strong></span> <span class='ocrx_word' id='word_1_41' title='bbox 392 1015 594 1088; x_wconf 87' lang='lat' dir='ltr'><strong>doctrinam;</strong></span> <span class='ocrx_word' id='word_1_42' title='bbox 630 1036 669 1077; x_wconf 89' lang='lat' dir='ltr'><strong>ac</strong></span> <span class='ocrx_word' id='word_1_43' title='bbox 699 1013 783 1076; x_wconf 88' lang='lat' dir='ltr'><strong>forte</strong></span> <span class='ocrx_word' id='word_1_44' title='bbox 807 1014 907 1076; x_wconf 89' lang='lat' dir='ltr'><strong>etiam</strong></span> <span class='ocrx_word' id='word_1_45' title='bbox 931 1010 1009 1074; x_wconf 91' lang='lat' dir='ltr'><strong>inde</strong></span> <span class='ocrx_word' id='word_1_46' title='bbox 1029 1019 1148 1100; x_wconf 81' lang='lat' dir='ltr'><strong>contra</strong></span> 
     </span>
     <span class='ocr_line' id='line_1_7' title="bbox 42 1107 1147 1199; baseline -0.004 -23"><span class='ocrx_word' id='word_1_47' title='bbox 42 1112 170 1177; x_wconf 85' lang='lat' dir='ltr'><strong>Jesuitas</strong></span> <span class='ocrx_word' id='word_1_48' title='bbox 194 1134 375 1199; x_wconf 86' lang='lat' dir='ltr'><strong>eorumque</strong></span> <span class='ocrx_word' id='word_1_49' title='bbox 398 1112 509 1177; x_wconf 91' lang='lat' dir='ltr'><strong>studia</strong></span> <span class='ocrx_word' id='word_1_50' title='bbox 532 1134 572 1176; x_wconf 88' lang='lat' dir='ltr'><strong>ac</strong></span> <span class='ocrx_word' id='word_1_51' title='bbox 595 1111 789 1176; x_wconf 88' lang='lat' dir='ltr'><strong>methodum</strong></span> <span class='ocrx_word' id='word_1_52' title='bbox 805 1109 1011 1196; x_wconf 88' lang='lat' dir='ltr'><strong>praejudicia</strong></span> <span class='ocrx_word' id='word_1_53' title='bbox 1025 1107 1147 1172; x_wconf 87' lang='lat' dir='ltr'><strong>hausit.</strong></span> 
     </span>
     <span class='ocr_line' id='line_1_8' title="bbox 43 1205 1148 1296; baseline -0.002 -24"><span class='ocrx_word' id='word_1_54' title='bbox 43 1209 166 1274; x_wconf 89' lang='lat' dir='ltr'><strong>Publica</strong></span> <span class='ocrx_word' id='word_1_55' title='bbox 190 1221 300 1276; x_wconf 89' lang='lat' dir='ltr'><strong>tamen</strong></span> <span class='ocrx_word' id='word_1_56' title='bbox 333 1211 557 1296; x_wconf 88' lang='lat' dir='ltr'><strong>disputatione</strong></span> <span class='ocrx_word' id='word_1_57' title='bbox 581 1209 671 1294; x_wconf 92' lang='lat' dir='ltr'><strong>apud</strong></span> <span class='ocrx_word' id='word_1_58' title='bbox 694 1218 804 1295; x_wconf 89' lang='lat' dir='ltr'><strong>patres</strong></span> <span class='ocrx_word' id='word_1_59' title='bbox 828 1207 1001 1272; x_wconf 92' lang='lat' dir='ltr'><strong>Societatis</strong></span> <span class='ocrx_word' id='word_1_60' title='bbox 1034 1205 1148 1270; x_wconf 91' lang='lat' dir='ltr'><strong>habita</strong></span> 
     </span>
     <span class='ocr_line' id='line_1_9' title="bbox 43 1302 1147 1393; baseline -0.004 -23"><span class='ocrx_word' id='word_1_61' title='bbox 43 1331 65 1373; x_wconf 90' lang='lat' dir='ltr'><strong>a.</strong></span> <span class='ocrx_word' id='word_1_62' title='bbox 89 1308 171 1372; x_wconf 84' lang='lat'>1604</span> <span class='ocrx_word' id='word_1_63' title='bbox 202 1309 256 1391; x_wconf 81' lang='lat' dir='ltr'><strong>die</strong></span> <span class='ocrx_word' id='word_1_64' title='bbox 280 1310 341 1374; x_wconf 78' lang='lat'><strong>26⁰</strong></span> <span class='ocrx_word' id='word_1_65' title='bbox 358 1308 490 1393; x_wconf 59' lang='lat' dir='ltr'><strong>‘Aprilis</strong></span> <span class='ocrx_word' id='word_1_66' title='bbox 526 1308 636 1372; x_wconf 87' lang='lat' dir='ltr'><strong>studia</strong></span> <span class='ocrx_word' id='word_1_67' title='bbox 667 1316 801 1393; x_wconf 89' lang='lat' dir='ltr'><strong>peracta</strong></span> <span class='ocrx_word' id='word_1_68' title='bbox 833 1307 964 1390; x_wconf 88' lang='lat' dir='ltr'><strong>egregie</strong></span> <span class='ocrx_word' id='word_1_69' title='bbox 987 1302 1147 1385; x_wconf 80' lang='lat' dir='ltr'><strong>absolvit3</strong></span> 
     </span>
     <span class='ocr_line' id='line_1_10' title="bbox 41 1403 1147 1492; baseline -0.004 -25"><span class='ocrx_word' id='word_1_70' title='bbox 41 1405 134 1470; x_wconf 88' lang='lat' dir='ltr'><strong>theses</strong></span> <span class='ocrx_word' id='word_1_71' title='bbox 166 1409 321 1492; x_wconf 89' lang='lat' dir='ltr'><strong>episcopo</strong></span> <span class='ocrx_word' id='word_1_72' title='bbox 349 1407 529 1492; x_wconf 86' lang='lat' dir='ltr'><strong>Bajonensi</strong></span> <span class='ocrx_word' id='word_1_73' title='bbox 563 1404 742 1486; x_wconf 90' lang='lat' dir='ltr'><strong>dedicavit,</strong></span> <span class='ocrx_word' id='word_1_74' title='bbox 777 1405 893 1487; x_wconf 88' lang='lat' dir='ltr'><strong>gratiis</strong></span> <span class='ocrx_word' id='word_1_75' title='bbox 922 1404 1023 1466; x_wconf 87' lang='lat' dir='ltr'><strong>ctiam</strong></span> <span class='ocrx_word' id='word_1_76' title='bbox 1054 1403 1147 1481; x_wconf 89' lang='lat' dir='ltr'><strong>actis,</strong></span> 
     </span>
     <span class='ocr_line' id='line_1_11' title="bbox 40 1499 1148 1591; baseline -0.005 -24"><span class='ocrx_word' id='word_1_77' title='bbox 40 1505 114 1588; x_wconf 91' lang='lat' dir='ltr'><strong>quod</strong></span> <span class='ocrx_word' id='word_1_78' title='bbox 137 1506 276 1568; x_wconf 82' lang='lat' dir='ltr'><strong>Lovania&#39;</strong></span> <span class='ocrx_word' id='word_1_79' title='bbox 306 1529 321 1568; x_wconf 85' lang='lat' dir='ltr'><strong>a</strong></span> <span class='ocrx_word' id='word_1_80' title='bbox 352 1514 439 1567; x_wconf 82' lang='lat' dir='ltr'><strong>coctu</strong></span> <span class='ocrx_word' id='word_1_81' title='bbox 461 1504 619 1591; x_wconf 71' lang='lat' dir='ltr'><strong>religiose,</strong></span> <span class='ocrx_word' id='word_1_82' title='bbox 653 1525 742 1589; x_wconf 79' lang='lat' dir='ltr'><strong>quera</strong></span> <span class='ocrx_word' id='word_1_83' title='bbox 768 1503 901 1587; x_wconf 70' lang='lat' dir='ltr'><strong>insignit</strong></span> <span class='ocrx_word' id='word_1_84' title='bbox 923 1522 1035 1563; x_wconf 80' lang='lat' dir='ltr'><strong>nomeu</strong></span> <span class='ocrx_word' id='word_1_85' title='bbox 1058 1499 1148 1577; x_wconf 83' lang='lat' dir='ltr'><strong>Jeau,</strong></span> 
     </span>
     <span class='ocr_line' id='line_1_12' title="bbox 40 1597 1148 1689; baseline -0.002 -27"><span class='ocrx_word' id='word_1_86' title='bbox 40 1603 162 1686; x_wconf 65' lang='lat' dir='ltr'><strong>iuuenes</strong></span> <span class='ocrx_word' id='word_1_87' title='bbox 184 1604 353 1689; x_wconf 67' lang='lat' dir='ltr'><strong>magistros</strong></span> <span class='ocrx_word' id='word_1_88' title='bbox 377 1600 576 1686; x_wconf 49' lang='lat' dir='ltr'><strong>sategissem</strong></span> <span class='ocrx_word' id='word_1_89' title='bbox 610 1601 709 1682; x_wconf 77' lang='lat' dir='ltr'><strong>Quod</strong></span> <span class='ocrx_word' id='word_1_90' title='bbox 734 1622 809 1664; x_wconf 92' lang='lat' dir='ltr'><strong>cum</strong></span> <span class='ocrx_word' id='word_1_91' title='bbox 834 1598 962 1664; x_wconf 87' lang='lat' dir='ltr'><strong>Jacobo</strong></span> <span class='ocrx_word' id='word_1_92' title='bbox 986 1597 1148 1663; x_wconf 88' lang='lat' dir='ltr'><strong>Jansonio</strong></span> 
     </span>
     <span class='ocr_line' id='line_1_13' title="bbox 38 1695 1149 1783; baseline -0.005 -22"><span class='ocrx_word' id='word_1_93' title='bbox 38 1699 299 1765; x_wconf 88' lang='lat' dir='ltr'><strong>consuetudinem</strong></span> <span class='ocrx_word' id='word_1_94' title='bbox 323 1700 477 1764; x_wconf 89' lang='lat' dir='ltr'><strong>habuerit</strong></span> <span class='ocrx_word' id='word_1_95' title='bbox 489 1700 678 1783; x_wconf 85' lang='lat' dir='ltr'><strong>Vergerius,</strong></span> <span class='ocrx_word' id='word_1_96' title='bbox 704 1722 747 1763; x_wconf 87' lang='lat' dir='ltr'><strong>ex</strong></span> <span class='ocrx_word' id='word_1_97' title='bbox 760 1698 967 1762; x_wconf 85' lang='lat' dir='ltr'><strong>documentis</strong></span> <span class='ocrx_word' id='word_1_98' title='bbox 983 1695 1149 1758; x_wconf 85' lang='lat' dir='ltr'><strong>historicis</strong></span> 
     </span>
     <span class='ocr_line' id='line_1_14' title="bbox 37 1795 1149 1882; baseline -0.005 -22"><span class='ocrx_word' id='word_1_99' title='bbox 37 1819 91 1860; x_wconf 92' lang='lat' dir='ltr'><strong>non</strong></span> <span class='ocrx_word' id='word_1_100' title='bbox 115 1797 297 1882; x_wconf 70' lang='lat' dir='ltr'><strong>colligitur,</strong></span> <span class='ocrx_word' id='word_1_101' title='bbox 322 1808 473 1864; x_wconf 89' lang='lat' dir='ltr'><strong>auctores</strong></span> <span class='ocrx_word' id='word_1_102' title='bbox 499 1800 582 1861; x_wconf 90' lang='lat' dir='ltr'><strong>varii</strong></span> <span class='ocrx_word' id='word_1_103' title='bbox 607 1798 642 1862; x_wconf 86' lang='lat' dir='ltr'><strong>id</strong></span> <span class='ocrx_word' id='word_1_104' title='bbox 667 1797 858 1882; x_wconf 73' lang='lat' dir='ltr'><strong>conjectura</strong></span> <span class='ocrx_word' id='word_1_105' title='bbox 883 1803 1011 1880; x_wconf 89' lang='lat' dir='ltr'><strong>putant,</strong></span> <span class='ocrx_word' id='word_1_106' title='bbox 1042 1795 1088 1857; x_wconf 90' lang='lat' dir='ltr'><strong>ita</strong></span> <span class='ocrx_word' id='word_1_107' title='bbox 1113 1800 1149 1854; x_wconf 89' lang='lat' dir='ltr'><strong>ut</strong></span> 
     </span>
     <span class='ocr_line' id='line_1_15' title="bbox 33 1892 1148 1978; baseline -0.006 -20"><span class='ocrx_word' id='word_1_108' title='bbox 33 1895 92 1978; x_wconf 89' lang='lat' dir='ltr'><strong>jam</strong></span> <span class='ocrx_word' id='word_1_109' title='bbox 115 1907 194 1959; x_wconf 91' lang='lat' dir='ltr'><strong>tunc</strong></span> <span class='ocrx_word' id='word_1_110' title='bbox 218 1897 304 1958; x_wconf 91' lang='lat' dir='ltr'><strong>inter</strong></span> <span class='ocrx_word' id='word_1_111' title='bbox 315 1896 388 1961; x_wconf 90' lang='lat' dir='ltr'><strong>Jac.</strong></span> <span class='ocrx_word' id='word_1_112' title='bbox 402 1896 613 1978; x_wconf 89' lang='lat' dir='ltr'><strong>Jansonium,</strong></span> <span class='ocrx_word' id='word_1_113' title='bbox 639 1894 676 1960; x_wconf 84' lang='grc'><strong>0.</strong></span> <span class='ocrx_word' id='word_1_114' title='bbox 690 1896 888 1961; x_wconf 88' lang='lat' dir='ltr'><strong>Jansenium</strong></span> <span class='ocrx_word' id='word_1_115' title='bbox 905 1902 938 1956; x_wconf 87' lang='lat' dir='ltr'><strong>et</strong></span> <span class='ocrx_word' id='word_1_116' title='bbox 950 1892 1148 1975; x_wconf 85' lang='lat' dir='ltr'><strong>Vergerium</strong></span> 
     </span>
     <span class='ocr_line' id='line_1_16' title="bbox 37 1987 1148 2079; baseline -0.004 -24"><span class='ocrx_word' id='word_1_117' title='bbox 37 1993 187 2079; x_wconf 89' lang='lat' dir='ltr'><strong>colloquia</strong></span> <span class='ocrx_word' id='word_1_118' title='bbox 215 1993 335 2058; x_wconf 51' lang='lat' dir='ltr'><strong>¹habita</strong></span> <span class='ocrx_word' id='word_1_119' title='bbox 370 1996 548 2079; x_wconf 89' lang='lat' dir='ltr'><strong>opinentur</strong></span> <span class='ocrx_word' id='word_1_120' title='bbox 578 1994 620 2058; x_wconf 90' lang='lat' dir='ltr'><strong>de</strong></span> <span class='ocrx_word' id='word_1_121' title='bbox 644 1994 824 2077; x_wconf 84' lang='lat' dir='ltr'><strong>Augustini</strong></span> <span class='ocrx_word' id='word_1_122' title='bbox 856 1992 1008 2056; x_wconf 90' lang='lat' dir='ltr'><strong>doctrina</strong></span> <span class='ocrx_word' id='word_1_123' title='bbox 1039 2011 1078 2052; x_wconf 89' lang='lat' dir='ltr'><strong>ac</strong></span> <span class='ocrx_word' id='word_1_124' title='bbox 1107 1987 1148 2051; x_wconf 88' lang='lat' dir='ltr'><strong>de</strong></span> 
     </span>
     <span class='ocr_line' id='line_1_17' title="bbox 35 2086 1147 2177; baseline -0.004 -24"><span class='ocrx_word' id='word_1_125' title='bbox 35 2089 98 2175; x_wconf 85' lang='lat' dir='ltr'><strong>Baji</strong></span> <span class='ocrx_word' id='word_1_126' title='bbox 122 2091 347 2176; x_wconf 89' lang='lat' dir='ltr'><strong>opinionibus.</strong></span> <span class='ocrx_word' id='word_1_127' title='bbox 376 2090 440 2156; x_wconf 87' lang='lat' dir='ltr'><strong>Sed</strong></span> <span class='ocrx_word' id='word_1_128' title='bbox 465 2093 493 2155; x_wconf 92' lang='lat' dir='ltr'><strong>si</strong></span> <span class='ocrx_word' id='word_1_129' title='bbox 517 2093 591 2177; x_wconf 88' lang='lat' dir='ltr'><strong>quis</strong></span> <span class='ocrx_word' id='word_1_130' title='bbox 616 2101 725 2155; x_wconf 90' lang='lat' dir='ltr'><strong>mente</strong></span> <span class='ocrx_word' id='word_1_131' title='bbox 749 2090 928 2177; x_wconf 89' lang='lat' dir='ltr'><strong>tranquilla</strong></span> <span class='ocrx_word' id='word_1_132' title='bbox 952 2086 1147 2165; x_wconf 87' lang='lat' dir='ltr'><strong>consideret,</strong></span> 
     </span>
    </p>
   </div>
   <div class='ocr_carea' id='block_1_4' title="bbox 37 2184 1184 2255">
    <p class='ocr_par' dir='ltr' id='par_1_4' title="bbox 37 2184 1184 2255">
     <span class='ocr_line' id='line_1_18' title="bbox 37 2184 1184 2255; baseline -0.003 -5"><span class='ocrx_word' id='word_1_133' title='bbox 37 2185 217 2254; x_wconf 86' lang='lat' dir='ltr'><strong>Cornelium</strong></span> <span class='ocrx_word' id='word_1_134' title='bbox 241 2189 439 2255; x_wconf 83' lang='lat' dir='ltr'><strong>Jansenium</strong></span> <span class='ocrx_word' id='word_1_135' title='bbox 471 2190 514 2254; x_wconf 90' lang='lat' dir='ltr'><strong>ab</strong></span> <span class='ocrx_word' id='word_1_136' title='bbox 539 2212 625 2254; x_wconf 88' lang='lat' dir='ltr'><strong>anno</strong></span> <span class='ocrx_word' id='word_1_137' title='bbox 653 2191 737 2254; x_wconf 81' lang='grc'>1602</span> <span class='ocrx_word' id='word_1_138' title='bbox 770 2189 814 2254; x_wconf 90' lang='lat' dir='ltr'><strong>ad</strong></span> <span class='ocrx_word' id='word_1_139' title='bbox 838 2213 867 2253; x_wconf 91' lang='lat' dir='ltr'><strong>a.</strong></span> <span class='ocrx_word' id='word_1_140' title='bbox 895 2187 981 2251; x_wconf 82' lang='grc'>1604</span> <span class='ocrx_word' id='word_1_141' title='bbox 1005 2184 1149 2248; x_wconf 86' lang='lat' dir='ltr'><strong>Lovanii</strong></span> <span class='ocrx_word' id='word_1_142' title='bbox 1182 2228 1184 2230; x_wconf 88' lang='lat'><em>-</em></span> 
     </span>
    </p>
   </div>
   <div class='ocr_carea' id='block_1_5' title="bbox 34 2285 1150 2566">
    <p class='ocr_par' dir='ltr' id='par_1_5' title="bbox 34 2285 1150 2566">
     <span class='ocr_line' id='line_1_19' title="bbox 35 2285 1148 2372; baseline -0.004 -24"><span class='ocrx_word' id='word_1_143' title='bbox 35 2285 264 2372; x_wconf 89' lang='lat' dir='ltr'><strong>philosophicis</strong></span> <span class='ocrx_word' id='word_1_144' title='bbox 288 2288 406 2352; x_wconf 88' lang='lat' dir='ltr'><strong>studiis</strong></span> <span class='ocrx_word' id='word_1_145' title='bbox 431 2287 544 2353; x_wconf 88' lang='lat' dir='ltr'><strong>sedulo</strong></span> <span class='ocrx_word' id='word_1_146' title='bbox 569 2287 778 2367; x_wconf 81' lang='lat' dir='ltr'><strong>incubuisse3</strong></span> <span class='ocrx_word' id='word_1_147' title='bbox 815 2287 1013 2370; x_wconf 89' lang='lat' dir='ltr'><strong>Vergerium</strong></span> <span class='ocrx_word' id='word_1_148' title='bbox 1037 2291 1148 2345; x_wconf 87' lang='lat' dir='ltr'><strong>autem</strong></span> 
     </span>
     <span class='ocr_line' id='line_1_20' title="bbox 34 2381 1150 2470; baseline -0.004 -24"><span class='ocrx_word' id='word_1_149' title='bbox 34 2395 97 2466; x_wconf 90' lang='lat' dir='ltr'><strong>post</strong></span> <span class='ocrx_word' id='word_1_150' title='bbox 132 2384 390 2470; x_wconf 85' lang='lat' dir='ltr'><strong>quadriennium</strong></span> <span class='ocrx_word' id='word_1_151' title='bbox 427 2385 685 2470; x_wconf 88' lang='lat' dir='ltr'><strong>disputationem</strong></span> <span class='ocrx_word' id='word_1_152' title='bbox 724 2384 892 2470; x_wconf 86' lang='lat' dir='ltr'><strong>publicam</strong></span> <span class='ocrx_word' id='word_1_153' title='bbox 926 2405 968 2446; x_wconf 89' lang='lat' dir='ltr'><strong>ex</strong></span> <span class='ocrx_word' id='word_1_154' title='bbox 992 2381 1150 2444; x_wconf 87' lang='lat' dir='ltr'><strong>universa</strong></span> 
     </span>
     <span class='ocr_line' id='line_1_21' title="bbox 34 2479 1149 2566; baseline -0.003 -24"><span class='ocrx_word' id='word_1_155' title='bbox 34 2481 190 2566; x_wconf 87' lang='lat' dir='ltr'><strong>theologia</strong></span> <span class='ocrx_word' id='word_1_156' title='bbox 207 2482 337 2560; x_wconf 89' lang='lat' dir='ltr'><strong>obiisse,</strong></span> <span class='ocrx_word' id='word_1_157' title='bbox 362 2484 422 2545; x_wconf 85' lang='lat' dir='ltr'><strong>vix</strong></span> <span class='ocrx_word' id='word_1_158' title='bbox 444 2485 477 2546; x_wconf 91' lang='lat' dir='ltr'><strong>in</strong></span> <span class='ocrx_word' id='word_1_159' title='bbox 493 2485 643 2546; x_wconf 88' lang='lat' dir='ltr'><strong>animum</strong></span> <span class='ocrx_word' id='word_1_160' title='bbox 660 2482 817 2546; x_wconf 86' lang='lat' dir='ltr'><strong>inducere</strong></span> <span class='ocrx_word' id='word_1_161' title='bbox 834 2481 961 2566; x_wconf 91' lang='lat' dir='ltr'><strong>poterit,</strong></span> <span class='ocrx_word' id='word_1_162' title='bbox 981 2479 1052 2563; x_wconf 84' lang='lat' dir='ltr'><strong>jam</strong></span> <span class='ocrx_word' id='word_1_163' title='bbox 1069 2487 1149 2540; x_wconf 92' lang='lat' dir='ltr'><strong>tunc</strong></span> 
     </span>
    </p>
   </div>
   <div class='ocr_carea' id='block_1_6' title="bbox 34 2577 1149 2664">
    <p class='ocr_par' dir='ltr' id='par_1_6' title="bbox 34 2577 1149 2664">
     <span class='ocr_line' id='line_1_22' title="bbox 34 2577 1149 2664; baseline -0.002 -25"><span class='ocrx_word' id='word_1_164' title='bbox 34 2578 97 2643; x_wconf 90' lang='lat' dir='ltr'><strong>illos</strong></span> <span class='ocrx_word' id='word_1_165' title='bbox 126 2579 352 2644; x_wconf 86' lang='lat' dir='ltr'><strong>adolescentes</strong></span> <span class='ocrx_word' id='word_1_166' title='bbox 387 2583 557 2664; x_wconf 82' lang='lat' dir='ltr'><strong>graviores</strong></span> <span class='ocrx_word' id='word_1_167' title='bbox 590 2580 844 2645; x_wconf 89' lang='lat' dir='ltr'><strong>deliberationes</strong></span> <span class='ocrx_word' id='word_1_168' title='bbox 882 2600 956 2641; x_wconf 92' lang='lat' dir='ltr'><strong>cum</strong></span> <span class='ocrx_word' id='word_1_169' title='bbox 989 2577 1149 2641; x_wconf 84' lang='lat' dir='ltr'><strong>Jansonio</strong></span> 
     </span>
    </p>
   </div>
   <div class='ocr_carea' id='block_1_7' title="bbox 32 2675 1141 2859">
    <p class='ocr_par' dir='ltr' id='par_1_7' title="bbox 32 2675 1141 2859">
     <span class='ocr_line' id='line_1_23' title="bbox 33 2675 1141 2763; baseline -0.004 -23"><span class='ocrx_word' id='word_1_170' title='bbox 33 2675 191 2744; x_wconf 89' lang='lat' dir='ltr'><strong>habuisse.</strong></span> <span class='ocrx_word' id='word_1_171' title='bbox 216 2676 351 2742; x_wconf 86' lang='lat' dir='ltr'><strong>Semina</strong></span> <span class='ocrx_word' id='word_1_172' title='bbox 374 2700 521 2742; x_wconf 89' lang='lat' dir='ltr'><strong>errorum</strong></span> <span class='ocrx_word' id='word_1_173' title='bbox 545 2677 588 2742; x_wconf 93' lang='lat' dir='ltr'><strong>ab</strong></span> <span class='ocrx_word' id='word_1_174' title='bbox 604 2680 675 2763; x_wconf 93' lang='lat' dir='ltr'><strong>ipso</strong></span> <span class='ocrx_word' id='word_1_175' title='bbox 691 2677 858 2742; x_wconf 88' lang='lat' dir='ltr'><strong>mentibus</strong></span> <span class='ocrx_word' id='word_1_176' title='bbox 874 2676 1004 2739; x_wconf 91' lang='lat' dir='ltr'><strong>illorum</strong></span> <span class='ocrx_word' id='word_1_177' title='bbox 1019 2676 1141 2737; x_wconf 90' lang='lat' dir='ltr'><strong>inserta</strong></span> 
     </span>
     <span class='ocr_line' id='line_1_24' title="bbox 32 2772 505 2859; baseline 0 -20"><span class='ocrx_word' id='word_1_178' title='bbox 32 2772 135 2858; x_wconf 89' lang='lat' dir='ltr'><strong>fuisse,</strong></span> <span class='ocrx_word' id='word_1_179' title='bbox 160 2797 226 2840; x_wconf 93' lang='lat' dir='ltr'><strong>non</strong></span> <span class='ocrx_word' id='word_1_180' title='bbox 250 2775 350 2841; x_wconf 91' lang='lat' dir='ltr'><strong>velim</strong></span> <span class='ocrx_word' id='word_1_181' title='bbox 374 2797 505 2859; x_wconf 88' lang='lat' dir='ltr'><strong>negare.</strong></span> 
     </span>
    </p>
   </div>
   <div class='ocr_carea' id='block_1_8' title="bbox 31 2943 1149 3714">
    <p class='ocr_par' dir='ltr' id='par_1_8' title="bbox 31 2943 1149 3714">
     <span class='ocr_line' id='line_1_25' title="bbox 116 2943 1145 3028; baseline -0.003 -21"><span class='ocrx_word' id='word_1_182' title='bbox 116 2945 144 3011; x_wconf 80' lang='lat'><strong>7.</strong></span> <span class='ocrx_word' id='word_1_183' title='bbox 196 2943 328 3008; x_wconf 89' lang='lat' dir='ltr'><strong>Deinde</strong></span> <span class='ocrx_word' id='word_1_184' title='bbox 364 2947 465 3028; x_wconf 80' lang='lat' dir='ltr'><strong>(„peu</strong></span> <span class='ocrx_word' id='word_1_185' title='bbox 497 2943 537 3006; x_wconf 88' lang='lat' dir='ltr'><strong>dc</strong></span> <span class='ocrx_word' id='word_1_186' title='bbox 563 2943 658 3028; x_wconf 89' lang='lat' dir='ltr'><strong>jours</strong></span> <span class='ocrx_word' id='word_1_187' title='bbox 688 2945 784 3028; x_wconf 73' lang='lat' dir='ltr'><strong>apres</strong></span> <span class='ocrx_word' id='word_1_188' title='bbox 808 2944 902 3006; x_wconf 89' lang='lat' dir='ltr'><strong>avoir</strong></span> <span class='ocrx_word' id='word_1_189' title='bbox 926 2952 1065 3006; x_wconf 90' lang='lat' dir='ltr'><strong>soutenu</strong></span> <span class='ocrx_word' id='word_1_190' title='bbox 1095 2964 1145 3006; x_wconf 90' lang='lat' dir='ltr'><strong>ses</strong></span> 
     </span>
     <span class='ocr_line' id='line_1_26' title="bbox 31 3040 1145 3126; baseline 0.001 -24"><span class='ocrx_word' id='word_1_191' title='bbox 31 3041 153 3106; x_wconf 77' lang='lat' dir='ltr'><strong>theses“</strong></span> <span class='ocrx_word' id='word_1_192' title='bbox 179 3042 226 3104; x_wconf 86' lang='lat' dir='ltr'><strong>ait</strong></span> <span class='ocrx_word' id='word_1_193' title='bbox 248 3041 372 3125; x_wconf 89' lang='lat' dir='ltr'><strong>Rapin,</strong></span> <span class='ocrx_word' id='word_1_194' title='bbox 406 3040 433 3105; x_wconf 93' lang='lat' dir='ltr'><strong>I.</strong></span> <span class='ocrx_word' id='word_1_195' title='bbox 457 3063 489 3126; x_wconf 91' lang='lat' dir='ltr'><strong>p.</strong></span> <span class='ocrx_word' id='word_1_196' title='bbox 514 3041 571 3122; x_wconf 84' lang='lat'><strong>40)</strong></span> <span class='ocrx_word' id='word_1_197' title='bbox 596 3041 777 3125; x_wconf 87' lang='lat' dir='ltr'><strong>Vergerius</strong></span> <span class='ocrx_word' id='word_1_198' title='bbox 801 3041 944 3104; x_wconf 90' lang='lat' dir='ltr'><strong>Parisios</strong></span> <span class='ocrx_word' id='word_1_199' title='bbox 968 3041 1145 3125; x_wconf 86' lang='lat' dir='ltr'><strong>profectus,</strong></span> 
     </span>
     <span class='ocr_line' id='line_1_27' title="bbox 31 3138 1148 3223; baseline 0.001 -23"><span class='ocrx_word' id='word_1_200' title='bbox 31 3138 149 3204; x_wconf 91' lang='lat' dir='ltr'><strong>ibidem</strong></span> <span class='ocrx_word' id='word_1_201' title='bbox 188 3139 298 3203; x_wconf 91' lang='lat' dir='ltr'><strong>studia</strong></span> <span class='ocrx_word' id='word_1_202' title='bbox 333 3162 392 3203; x_wconf 89' lang='lat' dir='ltr'><strong>sua</strong></span> <span class='ocrx_word' id='word_1_203' title='bbox 428 3140 463 3202; x_wconf 93' lang='lat' dir='ltr'><strong>in</strong></span> <span class='ocrx_word' id='word_1_204' title='bbox 497 3161 533 3202; x_wconf 88' lang='lat' dir='ltr'><strong>re</strong></span> <span class='ocrx_word' id='word_1_205' title='bbox 567 3139 754 3222; x_wconf 87' lang='lat' dir='ltr'><strong>theologica</strong></span> <span class='ocrx_word' id='word_1_206' title='bbox 790 3139 1009 3221; x_wconf 83' lang='lat' dir='ltr'><strong>continuavit,</strong></span> <span class='ocrx_word' id='word_1_207' title='bbox 1048 3147 1148 3223; x_wconf 89' lang='lat' dir='ltr'><strong>atque</strong></span> 
     </span>
     <span class='ocr_line' id='line_1_28' title="bbox 31 3235 1148 3322; baseline 0.002 -25"><span class='ocrx_word' id='word_1_208' title='bbox 31 3237 206 3301; x_wconf 88' lang='lat' dir='ltr'><strong>ambitione</strong></span> <span class='ocrx_word' id='word_1_209' title='bbox 230 3236 347 3322; x_wconf 88' lang='lat' dir='ltr'><strong>plenus</strong></span> <span class='ocrx_word' id='word_1_210' title='bbox 372 3237 633 3322; x_wconf 90' lang='lat' dir='ltr'><strong>disputationem</strong></span> <span class='ocrx_word' id='word_1_211' title='bbox 658 3237 781 3301; x_wconf 86' lang='lat' dir='ltr'><strong>habere</strong></span> <span class='ocrx_word' id='word_1_212' title='bbox 797 3235 904 3300; x_wconf 89' lang='lat' dir='ltr'><strong>voluit</strong></span> <span class='ocrx_word' id='word_1_213' title='bbox 920 3235 1089 3320; x_wconf 90' lang='lat' dir='ltr'><strong>publicam</strong></span> <span class='ocrx_word' id='word_1_214' title='bbox 1107 3236 1148 3300; x_wconf 93' lang='lat' dir='ltr'><strong>de</strong></span> 
     </span>
     <span class='ocr_line' id='line_1_29' title="bbox 31 3333 1149 3421; baseline 0.001 -27"><span class='ocrx_word' id='word_1_215' title='bbox 31 3343 91 3399; x_wconf 89' lang='lat' dir='ltr'><strong>tota</strong></span> <span class='ocrx_word' id='word_1_216' title='bbox 117 3333 255 3399; x_wconf 89' lang='lat' dir='ltr'><strong>Summa</strong></span> <span class='ocrx_word' id='word_1_217' title='bbox 286 3359 310 3399; x_wconf 93' lang='lat' dir='ltr'><strong>s.</strong></span> <span class='ocrx_word' id='word_1_218' title='bbox 335 3335 495 3401; x_wconf 85' lang='lat' dir='ltr'><strong>Thomae.</strong></span> <span class='ocrx_word' id='word_1_219' title='bbox 541 3335 581 3399; x_wconf 92' lang='lat' dir='ltr'><strong>Id</strong></span> <span class='ocrx_word' id='word_1_220' title='bbox 614 3337 678 3421; x_wconf 90' lang='lat' dir='ltr'><strong>ipsi</strong></span> <span class='ocrx_word' id='word_1_221' title='bbox 709 3357 776 3399; x_wconf 89' lang='lat' dir='ltr'><strong>non</strong></span> <span class='ocrx_word' id='word_1_222' title='bbox 799 3335 863 3397; x_wconf 87' lang='lat' dir='ltr'><strong>fuit</strong></span> <span class='ocrx_word' id='word_1_223' title='bbox 885 3335 1083 3419; x_wconf 87' lang='lat' dir='ltr'><strong>permissum</strong></span> <span class='ocrx_word' id='word_1_224' title='bbox 1108 3355 1149 3396; x_wconf 87' lang='lat' dir='ltr'><strong>ex</strong></span> 
     </span>
     <span class='ocr_line' id='line_1_30' title="bbox 34 3432 1149 3519; baseline -0.003 -23"><span class='ocrx_word' id='word_1_225' title='bbox 34 3443 122 3515; x_wconf 87' lang='lat' dir='ltr'><strong>parte</strong></span> <span class='ocrx_word' id='word_1_226' title='bbox 157 3432 412 3515; x_wconf 87' lang='lat' dir='ltr'><strong>Universitatis,</strong></span> <span class='ocrx_word' id='word_1_227' title='bbox 459 3455 496 3497; x_wconf 89' lang='lat' dir='ltr'><strong>eo</strong></span> <span class='ocrx_word' id='word_1_228' title='bbox 541 3432 630 3519; x_wconf 92' lang='lat' dir='ltr'><strong>quod</strong></span> <span class='ocrx_word' id='word_1_229' title='bbox 666 3433 776 3497; x_wconf 90' lang='lat' dir='ltr'><strong>studia</strong></span> <span class='ocrx_word' id='word_1_230' title='bbox 816 3433 857 3496; x_wconf 91' lang='lat' dir='ltr'><strong>ad</strong></span> <span class='ocrx_word' id='word_1_231' title='bbox 893 3432 957 3496; x_wconf 92' lang='lat' dir='ltr'><strong>hoc</strong></span> <span class='ocrx_word' id='word_1_232' title='bbox 990 3432 1149 3517; x_wconf 87' lang='lat' dir='ltr'><strong>requisita</strong></span> 
     </span>
     <span class='ocr_line' id='line_1_31' title="bbox 32 3528 1149 3618; baseline -0.001 -26"><span class='ocrx_word' id='word_1_233' title='bbox 32 3552 92 3594; x_wconf 92' lang='lat' dir='ltr'><strong>non</strong></span> <span class='ocrx_word' id='word_1_234' title='bbox 123 3529 266 3595; x_wconf 88' lang='lat' dir='ltr'><strong>fecisset.</strong></span> <span class='ocrx_word' id='word_1_235' title='bbox 313 3531 494 3618; x_wconf 88' lang='lat' dir='ltr'><strong>Aliquanto</strong></span> <span class='ocrx_word' id='word_1_236' title='bbox 528 3541 602 3616; x_wconf 89' lang='lat' dir='ltr'><strong>post</strong></span> <span class='ocrx_word' id='word_1_237' title='bbox 633 3532 814 3597; x_wconf 86' lang='lat' dir='ltr'><strong>Jansenius</strong></span> <span class='ocrx_word' id='word_1_238' title='bbox 845 3529 887 3594; x_wconf 93' lang='lat' dir='ltr'><strong>ob</strong></span> <span class='ocrx_word' id='word_1_239' title='bbox 922 3528 1149 3593; x_wconf 87' lang='lat' dir='ltr'><strong>valetudinem</strong></span> 
     </span>
     <span class='ocr_line' id='line_1_32' title="bbox 31 3626 1149 3714; baseline 0 -25"><span class='ocrx_word' id='word_1_240' title='bbox 31 3628 192 3692; x_wconf 87' lang='lat' dir='ltr'><strong>infirmam</strong></span> <span class='ocrx_word' id='word_1_241' title='bbox 216 3629 405 3693; x_wconf 90' lang='lat' dir='ltr'><strong>Lovanium</strong></span> <span class='ocrx_word' id='word_1_242' title='bbox 436 3628 571 3714; x_wconf 89' lang='lat' dir='ltr'><strong>reliquit</strong></span> <span class='ocrx_word' id='word_1_243' title='bbox 603 3652 642 3692; x_wconf 87' lang='lat' dir='ltr'><strong>ae</strong></span> <span class='ocrx_word' id='word_1_244' title='bbox 666 3630 809 3693; x_wconf 88' lang='lat' dir='ltr'><strong>Parisios</strong></span> <span class='ocrx_word' id='word_1_245' title='bbox 832 3629 956 3713; x_wconf 89' lang='lat' dir='ltr'><strong>pariter</strong></span> <span class='ocrx_word' id='word_1_246' title='bbox 979 3626 1149 3712; x_wconf 68' lang='lat' dir='ltr'><strong>appulit,⁹)</strong></span> 
     </span>
    </p>
   </div>
   <div class='ocr_carea' id='block_1_9' title="bbox 34 3845 241 3854">
    <p class='ocr_par' dir='ltr' id='par_1_9' title="bbox 34 3845 241 3854">
     <span class='ocr_line' id='line_1_33' title="bbox 34 3845 241 3854; baseline -0.005 -1"><span class='ocrx_word' id='word_1_247' title='bbox 34 3845 241 3854; x_wconf 55' lang='lat'>————-</span> 
     </span>
    </p>
   </div>
   <div class='ocr_carea' id='block_1_10' title="bbox 32 3979 1149 4128">
    <p class='ocr_par' dir='ltr' id='par_1_10' title="bbox 32 3979 1149 4128">
     <span class='ocr_line' id='line_1_34' title="bbox 74 3979 1149 4115; baseline -0.003 -77"><span class='ocrx_word' id='word_1_248' title='bbox 74 3985 121 4115; x_wconf 73' lang='lat'><strong>39¹)</strong></span> <span class='ocrx_word' id='word_1_249' title='bbox 139 3983 301 4051; x_wconf 84' lang='lat' dir='ltr'><strong>Leydecker‚</strong></span> <span class='ocrx_word' id='word_1_250' title='bbox 322 3983 361 4037; x_wconf 90' lang='lat' dir='ltr'><strong>De</strong></span> <span class='ocrx_word' id='word_1_251' title='bbox 380 3983 456 4040; x_wconf 87' lang='lat' dir='ltr'><strong>Jans.</strong></span> <span class='ocrx_word' id='word_1_252' title='bbox 476 3982 537 4036; x_wconf 88' lang='lat' dir='ltr'><strong>vita</strong></span> <span class='ocrx_word' id='word_1_253' title='bbox 555 3987 584 4036; x_wconf 89' lang='lat' dir='ltr'><strong>ct</strong></span> <span class='ocrx_word' id='word_1_254' title='bbox 602 3987 696 4047; x_wconf 86' lang='lat' dir='ltr'><strong>morte,</strong></span> <span class='ocrx_word' id='word_1_255' title='bbox 716 3981 746 4034; x_wconf 87' lang='lat' dir='ltr'><strong>L.</strong></span> <span class='ocrx_word' id='word_1_256' title='bbox 767 3981 788 4034; x_wconf 88' lang='lat' dir='ltr'><strong>I.</strong></span> <span class='ocrx_word' id='word_1_257' title='bbox 808 3998 828 4034; x_wconf 94' lang='lat' dir='ltr'><strong>c.</strong></span> <span class='ocrx_word' id='word_1_258' title='bbox 849 3983 873 4037; x_wconf 77' lang='lat'><strong>2.</strong></span> <span class='ocrx_word' id='word_1_259' title='bbox 901 4013 934 4021; x_wconf 95' lang='lat'>—</span> <span class='ocrx_word' id='word_1_260' title='bbox 959 3981 1057 4048; x_wconf 86' lang='lat' dir='ltr'><strong>Rapin,</strong></span> <span class='ocrx_word' id='word_1_261' title='bbox 1082 3979 1099 4034; x_wconf 90' lang='lat' dir='ltr'><strong>l.</strong></span> <span class='ocrx_word' id='word_1_262' title='bbox 1119 3996 1149 4035; x_wconf 65' lang='lat' dir='ltr'><strong>ca</strong></span> 
     </span>
     <span class='ocr_line' id='line_1_35' title="bbox 32 4077 115 4128; baseline -0.096 0"><span class='ocrx_word' id='word_1_263' title='bbox 32 4077 55 4128; x_wconf 85' lang='lat' dir='ltr'><strong>p.</strong></span> <span class='ocrx_word' id='word_1_264' title='bbox 110 4109 115 4120; x_wconf 91' lang='lat'><strong>.</strong></span> 
     </span>
    </p>
   </div>
   <div class='ocr_carea' id='block_1_11' title="bbox 33 4155 1149 4327">
    <p class='ocr_par' dir='ltr' id='par_1_11' title="bbox 33 4155 1149 4327">
     <span class='ocr_line' id='line_1_36' title="bbox 100 4155 1149 4248; baseline -0.004 -16"><span class='ocrx_word' id='word_1_265' title='bbox 100 4177 122 4248; x_wconf 62' lang='grc'><strong>2)</strong></span> <span class='ocrx_word' id='word_1_266' title='bbox 141 4177 243 4247; x_wconf 85' lang='lat' dir='ltr'><strong>Scribit</strong></span> <span class='ocrx_word' id='word_1_267' title='bbox 252 4177 355 4245; x_wconf 87' lang='lat' dir='ltr'><strong>Rapin:</strong></span> <span class='ocrx_word' id='word_1_268' title='bbox 373 4177 417 4244; x_wconf 75' lang='lat'><strong>,11</strong></span> <span class='ocrx_word' id='word_1_269' title='bbox 435 4158 525 4244; x_wconf 76' lang='lat' dir='ltr'><strong>partit</strong></span> <span class='ocrx_word' id='word_1_270' title='bbox 543 4178 576 4231; x_wconf 87' lang='lat' dir='ltr'><strong>de</strong></span> <span class='ocrx_word' id='word_1_271' title='bbox 594 4155 722 4231; x_wconf 77' lang='lat' dir='ltr'><strong>Louvain¹</strong></span> <span class='ocrx_word' id='word_1_272' title='bbox 738 4192 784 4231; x_wconf 88' lang='lat' dir='ltr'><strong>sur</strong></span> <span class='ocrx_word' id='word_1_273' title='bbox 802 4177 828 4231; x_wconf 88' lang='lat' dir='ltr'><strong>la</strong></span> <span class='ocrx_word' id='word_1_274' title='bbox 847 4177 884 4230; x_wconf 88' lang='lat' dir='ltr'><strong>fin</strong></span> <span class='ocrx_word' id='word_1_275' title='bbox 903 4175 1149 4239; x_wconf 75' lang='lat' dir='ltr'><strong>del&#39;annec1604,</strong></span> 
     </span>
     <span class='ocr_line' id='line_1_37' title="bbox 33 4258 994 4327; baseline 0.001 -19"><span class='ocrx_word' id='word_1_276' title='bbox 33 4264 58 4308; x_wconf 88' lang='lat' dir='ltr'><strong>et</strong></span> <span class='ocrx_word' id='word_1_277' title='bbox 81 4259 100 4311; x_wconf 92' lang='lat' dir='ltr'><strong>il</strong></span> <span class='ocrx_word' id='word_1_278' title='bbox 118 4259 210 4313; x_wconf 90' lang='lat' dir='ltr'><strong>arriva</strong></span> <span class='ocrx_word' id='word_1_279' title='bbox 235 4260 252 4312; x_wconf 78' lang='lat' dir='ltr'><strong>a</strong></span> <span class='ocrx_word' id='word_1_280' title='bbox 271 4258 349 4312; x_wconf 88' lang='lat' dir='ltr'><strong>Paris</strong></span> <span class='ocrx_word' id='word_1_281' title='bbox 368 4259 441 4312; x_wconf 78' lang='lat' dir='ltr'><strong>odil</strong></span> <span class='ocrx_word' id='word_1_282' title='bbox 460 4264 566 4317; x_wconf 27' lang='lat' dir='ltr'><strong>trouva,</strong></span> <span class='ocrx_word' id='word_1_283' title='bbox 578 4259 614 4312; x_wconf 91' lang='lat' dir='ltr'><strong>du</strong></span> <span class='ocrx_word' id='word_1_284' title='bbox 632 4259 774 4327; x_wconf 86' lang='lat' dir='ltr'><strong>Vergier.“</strong></span> <span class='ocrx_word' id='word_1_285' title='bbox 811 4259 891 4314; x_wconf 74' lang='lat' dir='ltr'><strong>Mem.</strong></span> <span class='ocrx_word' id='word_1_286' title='bbox 910 4258 933 4312; x_wconf 84' lang='lat'><strong>1.</strong></span> <span class='ocrx_word' id='word_1_287' title='bbox 953 4258 994 4310; x_wconf 82' lang='lat'><strong>27.</strong></span> 
     </span>
    </p>
   </div>
   <div class='ocr_carea' id='block_1_12' title="bbox 1196 679 1279 729">
    <p class='ocr_par' dir='ltr' id='par_1_12' title="bbox 1196 679 1279 729">
     <span class='ocr_line' id='line_1_38' title="bbox 1196 679 1279 729; baseline -0.048 -7"><span class='ocrx_word' id='word_1_288' title='bbox 1196 679 1279 729; x_wconf 69' lang='lat' dir='ltr'><strong>setina</strong></span> 
     </span>
    </p>
   </div>
   <div class='ocr_carea' id='block_1_13' title="bbox 0 0 1472 4902">
    <p class='ocr_par' dir='ltr' id='par_1_13' title="bbox 0 0 1472 4902">
     <span class='ocr_line' id='line_1_39' title="bbox 0 0 1472 4902; baseline 0 0"><span class='ocrx_word' id='word_1_289' title='bbox 0 0 1472 4902; x_wconf 95' lang='lat' dir='ltr'><strong> </strong></span> 
     </span>
    </p>
   </div>
   <div class='ocr_carea' id='block_1_14' title="bbox 1618 538 1623 1180">
    <p class='ocr_par' dir='ltr' id='par_1_14' title="bbox 1618 538 1623 1180">
     <span class='ocr_line' id='line_1_40' title="bbox 1618 538 1623 1180; baseline 0 0"><span class='ocrx_word' id='word_1_290' title='bbox 1618 538 1623 1180; x_wconf 95' lang='lat' dir='ltr'><strong> </strong></span> 
     </span>
    </p>
   </div>
   <div class='ocr_carea' id='block_1_15' title="bbox 1618 538 1624 1395">
    <p class='ocr_par' dir='ltr' id='par_1_15' title="bbox 1618 538 1624 1395">
     <span class='ocr_line' id='line_1_41' title="bbox 1618 538 1624 1395; baseline 0 0"><span class='ocrx_word' id='word_1_291' title='bbox 1618 538 1624 1395; x_wconf 95' lang='lat' dir='ltr'><strong> </strong></span> 
     </span>
    </p>
   </div>
   <div class='ocr_carea' id='block_1_16' title="bbox 1612 2526 1618 3843">
    <p class='ocr_par' dir='ltr' id='par_1_16' title="bbox 1612 2526 1618 3843">
     <span class='ocr_line' id='line_1_42' title="bbox 1612 2526 1618 3843; baseline 0 0"><span class='ocrx_word' id='word_1_292' title='bbox 1612 2526 1618 3843; x_wconf 95' lang='lat' dir='ltr'><strong> </strong></span> 
     </span>
    </p>
   </div>
   <div class='ocr_carea' id='block_1_17' title="bbox 1661 0 1674 4384">
    <p class='ocr_par' dir='ltr' id='par_1_17' title="bbox 1661 0 1674 4384">
     <span class='ocr_line' id='line_1_43' title="bbox 1661 0 1674 4384; baseline 0 0"><span class='ocrx_word' id='word_1_293' title='bbox 1661 0 1674 4384; x_wconf 95' lang='lat' dir='ltr'><strong> </strong></span> 
     </span>
    </p>
   </div>
  </div>
 </body>
</html>
