3034 4894
134 601 266 640 Protestan-

126 663 185 702 tium
199 665 270 711 gesta.

290 455 324 507 54
415 451 558 508 XXXVII.
579 452 618 505 De
635 451 724 505 initiis
741 467 775 504 ec
794 451 827 504 de
844 467 957 536 propag.
977 451 1287 518 pseudoreloruratiouis.

291 595 523 659 conciliatione
537 604 647 658 actum
664 604 730 676 est3
756 593 813 658 sed
828 594 992 675 frustra.¹)
1017 593 1178 679 Apolopio
1197 593 1410 680 Confessioais

290 692 598 758 aProtestantibus
621 693 817 777 Imperatori
842 691 974 774 tradita,
1007 692 1049 755 ab
1075 694 1145 776 ipso
1178 713 1244 756 non
1268 693 1411 755 admissa

289 793 362 871 fuit,
396 801 429 855 et
453 790 589 854 Carolus
621 803 823 854 conventum
851 789 1022 854 dimittens
1053 790 1106 854 die
1133 791 1191 854 19⁰
1214 790 1413 854 Novembris

291 889 424 953 decreta
447 888 642 973 publicavit,
668 887 789 973 quibus
808 887 909 972 jussit
924 887 1149 951 Protestantes
1172 885 1311 952 reddere
1327 884 1414 952 bona

291 987 525 1068 ecclesiastica,
556 1009 595 1050 ac
618 986 843 1068 redintegrare
868 986 1055 1049 sacerdotes
1078 986 1210 1070 ejectos,
1242 987 1352 1050 vetuit
1375 1009 1415 1050 ne
1497 1011 1498 1040 1

290 1086 522 1149 innovationes
554 1086 794 1162 continuarent,
827 1105 947 1168 eosque
976 1083 1207 1148 vehementius
1230 1085 1414 1163 admonuit,

290 1194 328 1247 ut
350 1183 495 1248 dimissis
520 1181 686 1246 erroribus
710 1181 753 1245 ad
778 1180 964 1244 Ecclesiam
988 1181 1144 1247 redirent.
1192 1183 1416 1247 Protestantes

291 1282 459 1366 principes
483 1299 560 1344 vero
587 1278 751 1365 ejusmodi
776 1279 909 1343 decreta
933 1281 967 1342 in
991 1302 1026 1342 re
1050 1279 1219 1362 religionis
1235 1293 1417 1344 renuerunt

290 1380 451 1462 accipere,
486 1400 526 1441 ac
550 1387 679 1442 tantum
710 1379 942 1462 promiserunt,
977 1400 1011 1440 se
1040 1380 1206 1442 neminem
1244 1390 1416 1443 coacturos

291 1499 370 1559 esse,
411 1488 447 1540 ut
485 1476 528 1540 ad
564 1497 677 1540 eorum
713 1476 951 1560 professionem
984 1475 1165 1540 accederet.
1213 1476 1315 1539 Brevi
1348 1488 1417 1562 post

292 1573 508 1640 Smalcoldiua
528 1574 649 1660 foedas
682 1595 740 1658 pro
766 1575 925 1637 sexennio
950 1575 1096 1637 inierunt
1119 1573 1162 1637 ad
1187 1574 1415 1640 defensionem

291 1672 566 1752 Protestantismi,
600 1693 769 1757 quumque
802 1671 949 1755 pericula
978 1694 1019 1734 ex
1043 1671 1161 1734 Turcis
1193 1674 1415 1753 imminerent,

292 1770 533 1851 Ferdinandus,
565 1793 594 1834 a.
622 1769 705 1832 1531
739 1791 799 1832 rex
830 1767 968 1852 01001110,
1004 1779 1171 1857 annuente
1202 1770 1416 1855 Imperatore,

292 1889 405 1931 mense
428 1867 519 1931 Julio
543 1889 572 1931 a.
600 1867 685 1930 1532
709 1866 949 1950 Norimbergae
982 1889 1096 1951 pacem
1118 1867 1301 1952 1011910000
1345 1891 1416 1932 curn

293 1963 553 2030 Protestantibus
578 1964 748 2028 conclusit.
781 1965 831 2028 Ea
855 1986 937 2048 pace
954 1964 1086 2027 decreta
1103 1963 1302 2047 Augustaua
1329 1969 1418 2031 irrita

291 2063 380 2127 facta
403 2075 479 2126 sunt
502 2085 542 2126 ac
566 2072 736 2144 statutum,
762 2073 797 2125 ut
822 2062 931 2125 nullus
956 2061 1049 2125 alteri
1074 2062 1117 2126 ob
1134 2061 1305 2147 religionis
1323 2086 1415 2149 nego·

291 2161 375 2223 tium
408 2162 568 2224 offensam
601 2160 655 2224 vel
687 2159 809 2224 bellum
834 2160 979 2236 inferret,
1012 2169 1113 2245 utque
1137 2160 1178 2224 ob
1204 2160 1292 2224 bona
1319 2162 1417 2226 eccle·

293 2259 425 2322 siastica
448 2258 671 2322 Protestantes
696 2280 762 2322 non
787 2260 1059 2343 inquietarentur.
1090 2295 1130 2304 --
1165 2257 1300 2322 Exinde
1333 2282 1417 2323 nova

293 2367 326 2419 et
341 2378 463 2440 magna
480 2359 685 2420 incrementa
700 2356 845 2420 haeresis
859 2357 956 2440 cepit,
974 2357 1195 2419 Protestantee
1210 2359 1301 2420 omni
1322 2357 1417 2421 modo
1501 2411 1502 2432 ,

293 2477 365 2520 eam
398 2454 536 2518 dilatare
567 2456 765 2518 studuerunt
789 2465 821 2518 et
844 2476 923 2518 mox
946 2466 1059 2539 aperte
1090 2454 1323 2534 ostenderunt,
1358 2455 1416 2519 sibi

293 2575 360 2617 non
392 2575 462 2618 esse
494 2555 526 2616 in
562 2555 683 2633 animo,
716 2563 753 2616 ut
777 2551 925 2617 Concilio
950 2575 970 2616 a
994 2553 1156 2616 Pontifiee
1190 2553 1342 2636 cogendo
1366 2552 1418 2616 ad·

294 2652 476 2716 haererent.
524 2652 632 2716 Annis
658 2651 876 2716 1541--1546
908 2653 942 2714 111
972 2653 1074 2714 variis
1098 2653 1240 2714 comitiis
1265 2652 1418 2714 Worrna-

293 2752 368 2833 tiae,
408 2749 525 2835 Spirae
549 2761 581 2814 et
603 2750 805 2814 Ratisbonae
845 2751 976 2829 coactis,
1017 2747 1182 2834 Colloqaiu
1213 2748 1254 2811 de
1287 2750 1418 2834 negotio

293 2847 462 2932 religionis
491 2850 576 2912 111101
600 2849 769 2932 theologos
801 2848 980 2913 catholicos
1005 2858 1037 2911 et
1060 2857 1279 2932 protestantes
1304 2848 1419 2912 habita

294 2957 380 3026 sunt,
415 2947 473 3010 sed
505 2969 607 3032 quum
631 2946 854 3010 Protestantes
881 2947 951 3031 jam
986 2945 1156 3010 Ecclesiae
1187 2948 1416 3016 auctoritatem

271 3045 479 3129 rejicerent,
505 3067 545 3108 ac
570 3045 786 3126 declararent,
813 3067 846 3108 se
870 3067 936 3108 non
961 3046 1131 3128 agnituros
1147 3066 1217 3108 0000
1230 3044 1417 3108 Concilium

295 3165 315 3206 a
338 3141 499 3206 Pontifice
524 3153 753 3224 convocatum,
783 3143 893 3206 nullus
917 3165 1030 3206 eorum
1054 3145 1161 3228 potuit
1185 3165 1256 3206 esse
1281 3143 1417 3205 fructus.

295 3239 462 3304 Lutherus
473 3242 658 3324 ingentium
673 3243 742 3326 ipse
756 3250 872 3304 auctor
884 3240 1043 3304 malorum
1058 3240 1112 3303 die
1125 3240 1287 3304 18⁰Fcbr.
1296 3265 1326 3304 a.
1336 3239 1419 3304 1546

297 3340 426 3401 evivis
451 3339 600 3402 sublatus
625 3349 681 3404 001.
729 3339 1126 3402 Intereaverodic13⁰
1162 3339 1243 3402 Dec.
1277 3361 1308 3402 a.
1336 3336 1419 3402 1545

296 3436 487 3500 inchoatum
517 3447 567 3499 est
591 3435 777 3501 Concilium
810 3439 1061 3501 oecumenicum
1085 3437 1331 3519 Tridentinum,
1364 3458 1419 3521 per

297 3534 385 3618 quod
415 3534 604 3599 felicissimo
636 3557 790 3599 successu
815 3534 965 3598 doctrina
998 3533 1161 3598 catholica
1185 3535 1358 3598 vindicata
1382 3555 1417 3596 ae
1502 3539 1503 3544 ’

269 3659 272 3664 ·
297 3631 485 3694 reformatio
509 3633 679 3697 Ecclesiae
703 3634 849 3718 perfecta
874 3643 931 3698 est.
997 3669 1001 3676 -

298 3840 510 3848 ...-.--———-

378 3998 400 4067 ¹)
425 3997 465 4050 De
490 3997 574 4050 variis
599 3997 739 4051 conatibus
764 3998 799 4050 ad
827 3997 995 4051 concordiam
1017 3997 1045 4050 in
1070 3997 1202 4065 religione
1221 3995 1415 4050 restituendam

297 4077 379 4132 lactis
391 4092 476 4143 usque
488 4077 522 4129 ad
534 4082 656 4144 tempora
666 4077 778 4131 Concilii
791 4077 951 4139 Tridentini,
971 4077 1018 4134 cfr.
1032 4077 1082 4131 Die
1091 4077 1257 4131 kirchlichen
1270 4074 1415 4144 Reunions·

297 4155 498 4225 bestrebungen
517 4157 645 4211 1111110111
664 4158 710 4210 der
728 4157 890 4227 Regioruug
909 4158 991 4211 Karls
1010 4159 1051 4221 V,
1084 4174 1132 4212 aus
1157 4158 1208 4212 den
1229 4157 1338 4223 Quellen
1357 4154 1414 4206 dar·

297 4237 412 4305 gestellt
429 4253 483 4290 11011
502 4237 548 4294 Dr.
567 4237 685 4305 Ludwig
703 4238 809 4291 Pastor.
847 4238 981 4306 Freiburg
1002 4238 1080 4292 1879.
