3020 4908
324 477 377 530 390
514 477 599 532 XLII.
637 476 677 530 De
696 481 772 530 statu
790 476 926 531 Ecclesiae
944 492 1013 534 saec.
1033 476 1133 531 decimo
1153 484 1258 532 octavo.

159 620 358 684 Difficlflletsssid
398 619 559 683 haberent
598 629 634 683 ut
674 622 919 684 concessionem
958 644 977 684 a
1016 620 1101 686 Sede
1133 622 1329 708 Apostolica
1368 625 1442 708 ipsis

190 685 275 724 mim
323 717 456 783 factam.
504 716 569 782 Sed
601 720 769 803 principes
802 718 992 804 frequenter
1022 720 1243 803 persistebant
1267 723 1303 784 in
1331 721 1441 784 eodem

323 817 441 901 spiritu
466 817 690 901 usurpationis
714 825 746 879 et
770 819 992 900 arrogantiae,
1017 826 1049 880 et
1071 839 1159 881 mero
1182 819 1322 903 quadam
1336 819 1443 904 formo

322 936 407 999 quae
431 913 554 979 Sancta
578 913 679 978 Sedes
711 914 915 978 concedebat
946 915 1169 1000 recipiebant,
1207 918 1254 979 ita
1277 926 1316 979 ut
1350 918 1441 980 etiam

321 1015 369 1075 sic
392 1015 571 1076 auctoritas
588 1010 683 1076 Sedis
696 1012 864 1076 Romanae
882 1012 1079 1076 detrimenta
1096 1023 1273 1097 pateretur.
1290 1053 1335 1061 -
1352 1013 1443 1077 Arbi·
1500 1005 1501 1008 ¹

321 1112 421 1174 trario
456 1112 553 1175 modo
587 1110 629 1173 ab
653 1109 875 1195 Imperatore,
910 1111 1028 1175 Carolo
1064 1113 1206 1196 principi
1242 1134 1260 1175 e
1294 1111 1444 1176 secundis

321 1207 467 1293 Philippi
494 1209 523 1272 V
554 1230 630 1271 cum
654 1207 849 1271 Elisabetha
873 1209 1034 1272 Farnesia
1066 1210 1192 1291 nuptiis
1216 1211 1444 1294 prImogeuitO,

321 1308 485 1369 successio
517 1308 659 1369 Parmae
691 1315 723 1369 et
747 1305 954 1386 Placentiae,
987 1328 1068 1391 quas
1097 1307 1249 1371 Feruesii
1280 1309 1445 1392 principes

321 1403 534 1468 beneficiario
554 1403 631 1488 jure
655 1404 697 1467 ab
721 1403 915 1488 Apostolica
940 1403 1025 1468 Sede
1048 1405 1223 1486 tenebant,
1254 1404 1445 1488 adjudicata

322 1511 380 1566 est.
429 1501 640 1586 Quapropter
670 1501 825 1564 Pontifex
858 1503 893 1564 in
925 1503 1118 1565 consistorio
1150 1524 1261 1566 coram
1292 1501 1447 1566 Cardina·

321 1598 410 1663 libus
442 1599 655 1685 Apostolicae
689 1598 784 1663 Sedis
812 1599 890 1684 jura
924 1600 958 1662 in
991 1600 1147 1663 Parmam
1178 1609 1210 1662 et
1242 1599 1446 1664 Placentiam

321 1706 523 1761 contestatus
547 1706 603 1763 est.
620 1735 665 1744 —
686 1697 867 1761 Benedicto
882 1697 969 1760 XIII
992 1719 1095 1781 grave
1119 1719 1250 1782 quoque
1274 1707 1387 1762 ortum
1404 1708 1447 1761 est

321 1787 496 1858 dissidium
522 1817 597 1858 cum
611 1795 789 1860 IoanneV
813 1817 890 1880 rege
906 1795 1110 1858 Lusitaniae.
1152 1795 1264 1874 Quum
1291 1795 1447 1859 videlicet

320 1915 380 1956 rex
404 1895 562 1977 petiisset,
588 1902 625 1956 ut
647 1893 793 1956 Nuntius
812 1893 909 1956 Biohi
935 1914 976 1956 ex
1000 1891 1076 1956 aula
1092 1892 1351 1979 Ulyssiponensi
1377 1915 1446 1957 avo·

321 1999 414 2054 catus
454 2015 601 2077 purpura
639 1991 849 2055 cardinalitia
887 2000 1077 2070 ornaretur,
1120 1990 1277 2054 Pontifex
1316 2001 1447 2076 propter

319 2111 439 2173 graves
462 2093 608 2159 rationes,
637 2089 701 2153 hoc
735 2089 923 2174 denegavit.
971 2089 1067 2152 Tunc
1097 2110 1157 2152 rex
1181 2091 1286 2153 iratus
1318 2110 1448 2153 omnem

318 2209 395 2250 cum
419 2190 515 2251 terris
530 2186 690 2251 Romanis
715 2189 1052 2251 communicationem
1078 2187 1218 2252 sustulit.
1261 2187 1445 2252 Concordia

318 2287 470 2349 restituta
485 2295 535 2350 est
556 2285 689 2349 demum
706 2286 766 2350 sub
784 2286 959 2350 Benedicti
977 2308 1165 2350 successore
1181 2285 1357 2350 Clemente
1373 2285 1445 2361 ΧΠ,

319 2385 377 2467 qui
393 2384 555 2446 Nuntium
579 2383 671 2447 illum
690 2383 787 2447 Biohi
812 2385 846 2447 in
864 2384 1059 2447 consistorio
1078 2382 1292 2448 Cardinalem
1317 2386 1447 2448 creavit.

412 2482 462 2546 18.
502 2481 646 2546 Gravior
670 2484 769 2545 etiam
793 2481 942 2545 simultas
966 2482 1031 2545 fuit
1055 2504 1131 2545 cum
1146 2483 1283 2546 Victore
1300 2483 1446 2547 Amadeo

320 2600 397 2661 rege
430 2578 614 2645 Sardiniae.
668 2581 701 2642 Is
740 2581 881 2665 quippe,
918 2580 1051 2664 quando
1084 2601 1151 2644 non
1183 2590 1254 2644 erat
1285 2583 1353 2645 nisi
1386 2581 1447 2644 dux

328 2675 534 2759 Sabaudiae,
575 2680 674 2742 nixus
711 2678 885 2762 privilegio
922 2677 1011 2763 quod
1044 2677 1200 2742 Nicolaus
1233 2678 1265 2740 V
1300 2703 1331 2742 a.
1368 2681 1446 2742 1451

326 2774 499 2839 Ludovico
526 2775 674 2839 Amadeo
707 2776 783 2839 duci
809 2775 998 2840 Sabaudiae
1029 2784 1253 2856 concesserat,
1292 2779 1447 2841 nimirum

327 2881 363 2934 ut
394 2875 427 2936 in
460 2873 530 2958 ejus
560 2875 654 2937 terris
685 2872 848 2937 beneficia
874 2874 999 2958 majora
1031 2896 1116 2959 quae
1140 2883 1262 2937 vocant
1296 2879 1448 2939 consisto-

324 2965 420 3034 rialia
444 2992 509 3035 non
535 2971 778 3051 conferrentur,
812 2973 876 3035 nisi
901 2970 1025 3034 habitis
1047 2973 1140 3056 prius
1171 2993 1230 3056 per
1252 2972 1448 3036 Pontificem

322 3070 505 3132 intentione
535 3077 567 3131 et
588 3091 750 3132 consensu
775 3069 869 3150 ducis
894 3069 935 3132 de
959 3071 1108 3153 personis
1131 3068 1279 3151 idoneis,
1305 3070 1372 3134 sibi
1397 3071 1448 3156 jus

320 3167 463 3230 asseruit
486 3169 716 3251 episcopatus,
748 3166 900 3230 abbatias
924 3176 957 3229 et
980 3166 1045 3229 alia
1070 3165 1232 3230 beneficia
1257 3168 1449 3231 conferendi

319 3265 353 3327 in
371 3262 550 3346 Sabaudia,
574 3265 790 3328 Pedemontio
816 3264 955 3350 aliisque
977 3265 1084 3346 terris,
1110 3286 1252 3350 quarum
1269 3267 1448 3350 imperium

317 3361 462 3425 tenebat.
510 3361 632 3426 Contra
666 3363 750 3426 haec
780 3362 900 3426 atalia
924 3385 943 3425 a
968 3362 1052 3425 duce
1086 3362 1250 3426 adversus
1277 3363 1448 3427 Ecclesiae

317 3462 562 3524 Immunitatom
595 3472 627 3525 et
650 3462 821 3525 Pontificis
853 3462 1084 3524 auctoritatem
1112 3469 1208 3544 gesta
1240 3469 1273 3523 et
1305 3461 1446 3528 decreta.

317 3559 446 3622 fortiter
461 3561 625 3622 restiterat
649 3569 681 3622 et
695 3559 935 3622 reclamaverat
952 3557 1105 3622 Clemens
1122 3557 1197 3636 XI,
1223 3559 1313 3622 unde
1331 3581 1446 3643 magna

318 3667 392 3719 orta
416 3665 486 3719 erat
509 3658 595 3720 inter
619 3656 708 3720 huno
732 3657 927 3720 Pontificem
952 3666 985 3718 et
1009 3655 1128 3719 ducem
1153 3654 1337 3737 dissensio,
1367 3678 1445 3742 quae

319 3775 427 3838 neque
458 3753 518 3816 sub
543 3753 739 3818 Innocentio
764 3756 850 3819 XIII
882 3754 1062 3818 Clementis
1096 3775 1288 3818 successore
1322 3775 1445 3838 compo-

320 3853 384 3914 sita
401 3862 458 3916 est.
501 3851 613 3931 Quum
639 3852 726 3915 idem
745 3853 812 3916 dux
828 3877 856 3918 a.
878 3854 964 3917 1720
985 3851 1027 3915 ab
1045 3853 1249 3937 Imperatore
1266 3852 1384 3916 Carolo
1401 3851 1443 3912 VI

321 3971 381 4012 rex
414 3948 588 4013 Sardiniae
629 3960 774 4030 creatus,
810 3950 964 4013 Pontifici
1005 3950 1062 4035 qui
1097 3947 1273 4012 Sardiniae
1306 3949 1440 4013 insulam

322 4046 492 4110 Romanae
518 4047 677 4111 ecclesiae
693 4048 829 4111 feudum
847 4046 1053 4128 vindicabat,
1078 4045 1266 4109 hominium
1284 4055 1441 4131 praestare

324 4143 441 4226 nollet,
474 4154 506 4207 et
530 4146 750 4228 quarumdam
776 4147 967 4225 civitatum,
1001 4166 1083 4229 quas
1108 4145 1142 4207 in
1166 4144 1379 4208 Pedemontio
1410 4157 1440 4203 ut

325 4242 425 4306 feuda
449 4241 621 4327 pontificia
641 4243 842 4328 possidebat,
868 4243 1052 4306 dominium
1070 4264 1262 4327 supremum
1287 4242 1347 4306 sibi
1362 4261 1437 4303 asse·
