3034 4894
145 1038 245 1080 Oeneius

129 1103 214 1144 Leonte
228 1103 255 1142 X.

280 508 317 560 24
406 506 548 560 XXXVII.
568 507 607 561 De
625 506 714 561 initus
734 523 765 560 ac
783 507 816 561 de
835 523 949 576 propag.
968 507 1279 575 pseudoreformatIonis.

281 649 379 734 plane
403 649 519 714 similis
543 652 786 714 controversiae
810 651 1084 716 Reuchlinianae.
1117 690 1160 700 —
1192 651 1305 717 Multis
1330 675 1413 716 cum
1504 722 1505 744 ,

282 749 443 812 conviciis
460 748 626 813 Lutherus
650 750 752 812 variis
776 747 896 813 libellis
913 749 1049 832 Tetzeli,
1074 751 1244 814 Prieriatis
1258 759 1291 814 et
1307 750 1413 814 Eckii

282 847 412 931 scriptis
427 847 607 931 respondit,
632 855 732 932 atque
756 849 929 932 opiniones
953 870 1028 911 suas
1052 847 1236 913 haereticas
1260 850 1415 934 apertius

282 944 518 1009 manifestavit.

374 1043 427 1107 23.
475 1043 542 1106 Leo
568 1045 600 1108 X
624 1044 732 1108 tribus
756 1044 926 1108 mansibus
950 1053 1124 1129 postquam
1149 1043 1317 1107 Lutherus
1342 1065 1416 1106 sur-

283 1151 415 1205 rexerat
445 1142 620 1205 mandavit
653 1142 874 1226 Promagistro
906 1140 1052 1226 generali
1085 1142 1416 1227 Augustinianorum
1505 1152 1506 1164 ¹

284 1238 432 1304 Gabrieli
457 1240 596 1320 Veneto,
621 1249 658 1303 ut
681 1251 904 1324 compesceret
928 1241 1061 1304 fratrem
1086 1239 1179 1305 illum
1196 1238 1335 1305 Ordinis
1361 1239 1415 1302 sui

283 1338 485 1421 religiosum.
533 1338 631 1418 Quod
657 1341 683 1402 si
708 1339 791 1402 forte
814 1339 980 1419 Pontifex,
1006 1340 1052 1401 uti
1078 1337 1222 1424 plurimi,
1248 1359 1315 1401 uon
1342 1358 1417 1421 per-

284 1438 394 1521 spexit
431 1438 631 1520 gravitatem
670 1437 717 1499 rei
757 1437 835 1500 inde
873 1436 915 1500 ab
954 1438 1064 1517 initio,
1105 1445 1138 1498 et
1171 1435 1419 1520 aliquantisper

285 1543 458 1598 cunctatus
491 1547 550 1616 est,
582 1544 727 1598 attamen
759 1535 884 1620 culpari
916 1556 983 1599 non
1015 1544 1132 1619 potest,
1163 1533 1251 1619 quod
1277 1555 1417 1596 causam

285 1632 483 1716 neglexerit3
516 1631 694 1696 videbatur
718 1634 807 1696 enim
832 1633 978 1718 profecto
1004 1633 1150 1697 medium
1178 1631 1260 1695 illud
1284 1641 1416 1716 aptum.

286 1732 462 1795 Caeterum
475 1729 703 1794 Pallavicinus
728 1730 839 1794 studet
862 1732 914 1814 (L.
927 1731 953 1796 Ι.
979 1754 1006 1796 c.
1020 1730 1055 1811 6)
1080 1730 1207 1795 diluere
1234 1729 1418 1815 ,jactatam

285 1829 386 1912 vulgo
411 1830 445 1891 in
470 1829 617 1893 Leonem
642 1831 903 1906 accusationem,
937 1831 1030 1914 quasi
1063 1831 1162 1893 nimis
1186 1849 1325 1914 propere
1352 1827 1421 1890 Lu·

287 1927 417 1990 therum
443 1928 610 2004 irritasset,
647 1928 847 2013 plagamque
872 1928 1135 2012 perfricuisset“;
1167 1927 1224 1992 alii
1249 1935 1418 2006 auctores,

286 2048 314 2090 e.
339 2048 369 2109 g.
395 2023 507 2090 Grbne
538 2026 572 2109 (l.
598 2050 625 2091 c.
650 2031 669 2108 ξ
696 2029 734 2090 11
762 2037 794 2089 et
816 2027 923 2090 Evers
946 2025 967 2091 l.
994 2049 1021 2090 c.
1046 2027 1072 2090 Ι.
1098 2025 1162 2089 299
1187 2027 1273 2110 sqq.)
1303 2025 1419 2087 existi·

287 2134 388 2202 mant,
413 2125 582 2188 remissius
598 2125 723 2189 Romae
746 2147 816 2188 rem
833 2123 972 2188 Lutheri
997 2134 1172 2187 tractatam
1196 2123 1307 2186 fuisse.
1351 2118 1418 2186 Sed
1507 2119 1508 2130 *

287 2243 354 2284 non
378 2221 487 2301 video,
513 2223 592 2308 quid
618 2222 714 2286 solidi
739 2223 848 2286 afferri
873 2224 977 2307 possit
1001 2231 1115 2286 contra
1139 2219 1274 2284 modum
1291 2218 1418 2303 agendi

287 2319 498 2401 Pontificis.¹)
537 2359 580 2367 —
619 2321 733 2385 Mense
757 2319 846 2405 Majo
878 2343 908 2384 a.
935 2320 1020 2384 1518
1052 2321 1142 2382 misit
1173 2317 1338 2382 Lutherus
1377 2316 1420 2380 ad

289 2417 435 2482 Leonem
463 2418 497 2482 X
533 2441 609 2482 cum
640 2418 867 2484 assertionibus
899 2418 1165 2503 propositionum
1201 2413 1244 2480 95
1280 2434 1418 2478 suarum
1508 2467 1509 2470 ,

287 2516 472 2602 epistolam,
507 2539 572 2602 qua
595 2518 637 2581 ad
662 2539 738 2580 eum
763 2516 916 2602 appellat,
942 2527 974 2580 et
997 2517 1103 2580 forma
1127 2513 1271 2600 quadam
1296 2510 1420 2575 humili
1508 2521 1509 2594 ᾖ

287 2638 323 2679 se
340 2626 478 2679 excusat
501 2617 637 2701 ejusque
654 2618 885 2680 auctoritatem
902 2637 1065 2679 summam
1079 2633 1258 2697 agnoscere
1271 2609 1419 2673 videtur.

286 2716 476 2778 Beatissimo
495 2716 599 2794 Pater,
624 2715 749 2795 scribit,
772 2724 968 2800 prostratum
983 2737 1030 2776 rue
1049 2711 1186 2799 pedibus
1208 2711 1294 2772 Tuae
1309 2699 1418 2770 Beati-

288 2814 412 2877 tudiuis
444 2812 540 2898 offero
573 2835 640 2876 curu
671 2813 812 2876 omuibus
845 2835 924 2897 quae
956 2835 1023 2875 sure
1054 2821 1082 2874 et
1113 2808 1219 2872 babeo.
1274 2805 1420 2891 Viviflca,

289 2911 404 2990 occide,
429 2933 515 2989 voca,
539 2933 662 2990 reuoca,
688 2913 843 2998 approba,
867 2909 1014 2996 reproba,
1039 2920 1074 2972 ut
1093 2907 1263 2993 placuerit.
1308 2905 1420 2968 Vocem

288 3020 385 3089 tuam,
409 3032 512 3072 uocem
528 3007 650 3074 Christi
672 3012 708 3073 iu
728 3011 771 3072 Te
788 3009 1008 3094 praesideatis
1024 3019 1053 3071 et
1068 3006 1224 3091 loqueretis
1239 3025 1419 3089 apuoscam.

289 3105 329 3170 Si
350 3119 479 3171 mortem
502 3110 611 3187 merui,
635 3110 717 3171 mori
739 3130 804 3170 aare
820 3105 978 3170 recusabo.
1091 3102 1166 3169 Cum
1191 3101 1273 3166 railil
1292 3121 1421 3187 possem

292 3205 393 3284 aliud,
417 3207 517 3270 visum
541 3206 652 3270 saltem
673 3215 719 3268 est
743 3202 896 3268 leuiusule
920 3204 989 3268 illis
1008 3203 1169 3282 reluctari,
1194 3199 1231 3263 id
1253 3208 1299 3262 est
1313 3219 1421 3261 eorum

367 3421 388 3487 ¹)
409 3419 441 3473 In
460 3420 576 3488 epistola
595 3420 661 3472 data
680 3419 714 3472 ad
734 3418 952 3486 Promagistrum
972 3415 1128 3470 Gabrielem
1138 3414 1281 3490 Venetum,
1301 3410 1358 3463 Leo
1378 3423 1421 3475 pe-

289 3504 379 3557 ricula
392 3503 512 3569 apprIme
524 3501 658 3570 agnoscit.
689 3500 843 3567 ,Volumus
857 3497 955 3563 inquit.
974 3501 1070 3551 teeam
1080 3491 1324 3558 curamsuscipere,
1343 3495 1377 3542 ut
1384 3486 1419 3540 M.

292 3583 443 3638 Lutherum
462 3593 527 3637 tuae
545 3581 689 3636 Societatis
707 3579 887 3644 sacerdotem,
920 3594 997 3644 quem
1025 3577 1095 3631 scIre
1121 3580 1150 3628 te
1175 3571 1365 3628 existimemus
1392 3567 1420 3658 iu

289 3664 441 3720 Germania
457 3680 542 3718 novas
561 3677 603 3717 res
622 3661 719 3727 moliri,
747 3676 820 3714 nova
838 3661 968 3728 dogmata
986 3657 1088 3711 nostris
1106 3654 1214 3723 populIs
1233 3651 1344 3704 tradere
1364 3663 1419 3714 qur·

293 3748 343 3801 bus
362 3751 485 3809 utantur,
513 3744 547 3797 ab
566 3744 698 3811 incoepto,
729 3742 753 3795 si
772 3747 848 3809 potes
867 3755 982 3803 revoces,
1007 3755 1039 3792 ea
1058 3735 1225 3790 auctoritate
1244 3745 1326 3797 quam
1344 3742 1419 3796 prae·

294 3827 401 3881 sectura
419 3825 471 3879 tibi
483 3825 545 3892 dat;
567 3867 573 3880 .
593 3869 597 3878 .
619 3865 625 3875 .
645 3824 672 3877 id
690 3823 714 3877 si
733 3821 860 3876 celeriter
878 3820 982 3883 feceris,
1002 3834 1056 3871 non
1076 3817 1136 3879 erit,
1155 3819 1290 3883 putamus,
1310 3807 1420 3900 difficile

293 3909 371 3963 modo
399 3913 493 3961 natam
511 3907 646 3960 flammam
664 3903 858 3971 exstinguere;
976 3900 1019 3953 sin
1038 3897 1147 3952 differas
1172 3899 1201 3948 et
1224 3891 1326 3947 malurn
1350 3902 1419 3942 vrres

294 3987 448 4054 sumpserit,
477 4001 608 4049 veremur,
637 4001 671 4039 ne
695 4000 755 4038 cum
783 3983 896 4037 velimus
922 3980 1049 4034 adhibere
1072 3976 1195 4032 lucendio
1214 3971 1341 4036 remedia,
1368 3983 1419 4060 nou

295 4070 435 4137 possimus.
470 4067 567 4121 Glisoit
587 4067 657 4121 euim
676 4065 705 4118 in
724 4064 781 4117 dies
800 4063 874 4117 labes
887 4060 1039 4126 fortiorque
1051 4058 1083 4111 fit
1096 4063 1178 4123 atque
1191 4051 1334 4116 robustior,
1354 4047 1419 4101 mhrl

296 4157 328 4205 ut
346 4149 435 4217 magis
453 4148 530 4201 nobis
549 4147 698 4201 timendum
717 4145 851 4208 videatur,
872 4158 951 4208 quarn
970 4143 1069 4194 rnora.“
1096 4141 1147 4206 Ap.
1160 4132 1293 4202 Raynald.
1313 4147 1337 4184 a.
1352 4127 1419 4184 1518

294 4247 322 4284 n.
342 4231 384 4283 93.
406 4260 438 4268 -
458 4229 498 4281 De
517 4228 623 4281 ratione
638 4225 739 4294 agendi
758 4222 894 4278 LeonisX
913 4221 962 4276 cfr.
974 4221 1068 4283 Balan,
1088 4211 1337 4272 Storiad⁷1talisL.
1349 4207 1418 4263 XLI.

289 4328 322 4368 n.
342 4310 393 4365 XX
412 4323 468 4375 sqq.
