3336 4908
497 431 552 516 Ι2414
722 429 850 485 XXXIX.
869 429 910 485 De
928 435 1005 485 statu
1022 431 1125 489 Eccles.
1144 437 1270 488 vertente
1288 448 1359 490 saec.
1378 435 1451 489 XVI.

499 576 687 661 occupavit,
719 583 817 658 atque
849 573 892 637 ab
925 575 1079 639 omnibus
1110 579 1256 640 maxime
1280 578 1495 642 versabantur
1518 602 1593 664 quae·

500 675 622 760 stiones
654 672 695 736 (16
725 674 832 755 gratia
865 695 905 736 ao
934 673 975 737 de
1000 697 1023 738 s.
1050 674 1229 758 Augustini
1255 679 1428 746 sententia.
1473 679 1596 742 Fuerunt

500 794 590 862 sane¹
605 773 661 856 qui
686 772 770 834 serio
796 770 928 860 solliciti
954 783 1049 835 erant
1072 782 1172 858 atque
1196 773 1430 858 opinabantur,
1453 778 1596 861 antiquam

497 873 635 937 Patrum
660 868 845 932 doctrinam
865 869 936 955 jam
962 870 1068 934 deseri
1084 893 1104 934 a
1120 872 1268 954 Jesuitis,
1294 873 1351 937 sed
1377 896 1446 938 sese
1469 874 1598 960 adjunxit

499 972 599 1036 etiam
624 967 713 1053 apud
738 966 848 1052 plures
872 967 1022 1032 simultas
1046 969 1210 1054 quaedam
1236 981 1269 1033 et
1292 972 1454 1055 oppositio
1477 974 1509 1034 in
1529 971 1597 1034 hano

498 1068 706 1147 Societatem,
733 1087 873 1150 eamque
896 1065 974 1154 inde
999 1067 1142 1131 invisam
1168 1067 1378 1150 habebant.¹)

591 1266 643 1330 36.
692 1261 1011 1326 Commemorandae
1042 1272 1220 1347 supersunt
1253 1264 1425 1328 doctrinae
1461 1265 1599 1350 quaedam

501 1364 695 1429 temerariae
720 1369 752 1455 qt
775 1381 933 1445 erroneae
956 1359 994 1422 de
1008 1358 1152 1424 Ecclesia
1176 1384 1213 1424 otc
1229 1363 1374 1425 Romano
1389 1362 1534 1445 Pontifioe
1555 1362 1600 1425 hoo

500 1473 648 1549 tempore
680 1459 883 1544 propositae,
920 1458 1054 1543 quibus*
1074 1468 1187 1541 postea
1217 1459 1448 1542 lansenistae,
1484 1471 1519 1523 ut
1544 1482 1601 1523 suas

500 1568 672 1624 tuerentur
702 1556 881 1635 doctrinas,
918 1554 1151 1620 adhaeserunt.
1198 1557 1299 1619 Initio
1331 1556 1454 1620 saeculi
1486 1557 1602 1621 (1601110-

501 1659 631 1745 septimi
656 1655 793 1719 Parisiis
822 1675 942 1737 graves
966 1653 1232 1740 disceptationes
1252 1656 1416 1722 excitavit
1443 1655 1603 1718 Edmaodoo

500 1758 629 1839 Ricbor,
657 1752 896 1837 Lingonensis,
935 1751 1094 1835 syndicus
1127 1750 1297 1815 Sorbonae
1321 1752 1527 1817 Parisiensis.
1568 1752 1604 1814 Ea
1640 1779 1641 1782 ¹

501 1855 602 1919 menti
627 1853 731 1938 ipsius
755 1850 943 1913 inhaeserat
966 1851 1091 1938 opinio,
1116 1849 1303 1935 Romanam
1329 1853 1458 1914 curiam
1483 1871 1604 1936 opema·

499 1954 590 2017 xime
613 1951 817 2016 lesuitarum
847 1947 1022 2032 privilegia
1057 1946 1216 2011 ecclesiae
1241 1946 1440 2012 Gallicanae
1465 1948 1546 2012 velle
1567 1947 1604 2009 de·

500 2061 634 2126 struere,
659 2071 698 2112 ac
722 2055 896 2132 propterea
911 2046 1116 2111 lesuitarum
1141 2045 1353 2109 adversarius
1378 2056 1458 2127 erat,
1484 2056 1515 2110 et
1537 2054 1603 2130 pote·

500 2150 576 2214 stati
600 2147 741 2211 Romani
765 2143 937 2207 Pontificis
970 2143 1129 2207 infensus.
1177 2142 1290 2222 Quum
1314 2167 1344 2209 a.
1371 2145 1455 2208 1611
1490 2143 1603 2230 quiden

499 2247 744 2312 Dominicanus
767 2241 886 2304 thesim
912 2240 953 2304 (16
969 2241 1008 2304 R.
1026 2241 1199 2305 Pontificis
1223 2240 1461 2306 infallibilitate
1479 2253 1511 2305 et
1526 2261 1604 2324 supra

501 2342 688 2408 Concilium
713 2338 865 2424 generale
889 2341 1086 2402 auctoritate
1108 2339 1310 2421 defenderet,
1336 2340 1423 2404 hanc
1440 2341 1603 2405 doctrinan

501 2443 645 2528 suscepit
659 2438 833 2522 Richerius
857 2437 972 2501 eodem
990 2459 1077 2501 anno
1094 2438 1333 2522 confutandam
1351 2439 1386 2501 in
1403 2437 1513 2502 libello
1526 2455 1604 2521 quem

500 2540 688 2623 inscripsit:
713 2537 762 2600 Dc
786 2533 998 2599 ecclesiastico
1023 2546 1053 2599 et
1069 2536 1209 2622 politico
1231 2546 1397 2621 potestate.
1438 2535 1505 2616 Sed
1526 2537 1557 2597 in
1578 2553 1604 2594 eo
1632 2528 1636 2556 ³

501 2660 567 2703 non
598 2645 726 2699 tantum
751 2634 789 2701 R.
814 2633 985 2696 Pontificis
1015 2632 1285 2698 infallibilitatem
1320 2643 1352 2696 61
1385 2636 1604 2707 auctoritatem,
1638 2703 1639 2707 η

501 2746 536 2800 at
550 2737 659 2820 ipsum
676 2735 856 2818 primatum
873 2730 1084 2816 etEcclesiae
1109 2732 1379 2805 constitutionem
1403 2730 1604 2816 impugnavit.

502 2833 624 2898 Statuit
662 2831 725 2894 hoc
764 2831 977 2917 principium,
999 2829 1127 2894 vDeum
1152 2851 1191 2893 ac
1217 2839 1368 2893 naturam
1400 2831 1493 2914 prius
1527 2837 1604 2911 atque
1641 2911 1642 2914 Ἴ

500 2931 726 2996 immediatius
740 2928 783 2992 ad
798 2937 906 3016 totum¹
919 2929 1136 3013 suppositum,
1161 2949 1261 3013 quam
1278 2926 1320 2990 ad
1337 2926 1484 3012 aliquam
1501 2935 1604 3012 parton

501 3028 672 3114 suppositi,
705 3025 783 3089 licet
813 3024 1065 3106 nobilissimam,
1101 3025 1288 3106 intendere3
1322 3025 1463 3109 proinde
1495 3041 1603 3087 omnen

502 3127 773 3191 communitatem
806 3145 863 3201 seu
897 3125 1086 3187 societatem
1120 3123 1319 3208 perfectam,
1352 3125 1453 3187 etiam
1483 3120 1603 3197 civilem,

496 3225 553 3311 jus
584 3223 717 3305 habere,
753 3231 788 3284 ut
819 3220 882 3284 sibi
915 3221 1003 3306 leges
1036 3224 1186 3307 imponat
1216 3244 1256 3285 ao
1286 3223 1430 3306 seipsam
1455 3221 1604 3304 gubernet
1632 3301 1633 3304 Ἴ

500 3323 575 3386 Hoc
608 3321 664 3407 jus
702 3321 736 3383 in
761 3321 869 3404 prima
893 3342 952 3382 sua
976 3321 1102 3401 origine
1136 3319 1179 3383 ad
1219 3322 1397 3404 ipsammet
1436 3320 1633 3382 societatent

500 3421 675 3505 pertinere,
700 3426 732 3480 61
748 3416 882 3504 quidem
909 3416 1005 3480 modo
1030 3419 1136 3500 magis
1160 3420 1303 3502 proprio,
1329 3416 1491 3501 singulari
1515 3425 1545 3479 et
1565 3416 1603 3475 11-

477 3531 480 3535 “
502 3517 645 3580 mediato
671 3536 769 3600 quam
794 3514 837 3578 ad
861 3514 965 3577 alium
981 3513 1162 3600 quemlibet
1179 3516 1358 3599 privatum,
1384 3537 1488 3600 quum
1505 3514 1604 3596 inipso

495 3614 572 3700 jure
600 3613 716 3677 divino
745 3635 784 3675 ac
808 3611 951 3676 naturali
986 3609 1242 3677 fundamentum
1280 3611 1428 3694 haberet,
1468 3613 1604 3677 adversus

501 3711 589 3797 quod
614 3732 675 3774 neo
699 3731 863 3774 annorum
888 3720 920 3773 et
946 3720 1132 3795 temporum
1148 3733 1257 3793 cursu,
1284 3732 1346 3773 neo
1362 3709 1511 3774 locorum
1527 3706 1603 3793 privi-

501 3809 605 3892 legiis,
630 3829 692 3872 neo
708 3829 923 3892 personarum
949 3808 1109 3892 dignitate
1135 3807 1316 3892 praescribi
1340 3830 1490 3893 unquam
1514 3804 1601 3892 possit.

500 3908 555 3972 Ex
580 3930 644 3993 quo
670 3906 899 3995 concludebat,
925 3909 1024 3970 etiam
1043 3905 1223 3988 Christum,
1249 3907 1327 3970 dum
1345 3905 1529 3968 Ecclesiam
1551 3902 1600 3964 fun·

575 4142 595 4207 ¹)
616 4139 670 4194 Otr.
690 4139 722 4192 (10
741 4139 792 4192 hac
810 4137 996 4192 controversia
1009 4137 1203 4190 Schneemann.
1223 4134 1477 4190 Controuersiarum
1489 4135 1519 4188 do
1530 4128 1600 4184 divim

501 4219 594 4288 gratia
612 4218 695 4272 initia
713 4223 742 4273 et
759 4234 925 4287 progressus,
944 4235 966 4275 c.
986 4220 1002 4271 9
1021 4233 1078 4284 sqq.
