2964 4912
310 469 362 522 376
566 467 637 522 XLI.
676 467 715 522 De
733 467 923 522 Declaratione
942 467 1013 522 Cleri
1032 467 1174 526 Gallicani.

146 615 291 716 ”⁰{“m⁰¹,²,²⁸
310 611 537 676 Gertissimum
574 632 704 697 quoque
739 621 803 693 est,
843 633 1024 696 permagna
1064 612 1264 677 detrimenta
1298 635 1339 676 ex
1369 613 1412 678 illa

156 688 183 717 ἠ
199 688 251 717 ⁸⁰⁰³
278 707 282 717 '
307 709 533 797 Declarata'one
557 730 615 794 pro
640 707 791 773 Ecclesia
815 707 988 774 Gallicana
1012 719 1083 774 orta
1106 731 1186 775 esse.
1234 711 1377 775 Etenim:

401 810 436 872 1⁰
459 806 622 872 Gubernii
647 805 869 871 absolatismas
893 809 1082 893 despotieaa,
1108 807 1291 872 dominatio
1311 811 1344 872 in
1358 807 1414 872 Gle·
1467 820 1468 910 l

306 929 390 988 rum,
416 907 580 970 immixtio
602 906 636 969 in
653 928 706 970 res
722 905 970 986 ecclesiasticas,
996 905 1231 970 Declaratione
1253 905 1317 970 hae
1332 907 1414 971 valde
1467 943 1468 954 2

306 1015 457 1091 promota
488 1013 581 1086 sunt,
617 1012 687 1067 tum
711 1026 771 1089 per
794 1027 833 1068 ea
863 1025 949 1089 quae
973 1005 1007 1068 in
1031 1003 1096 1068 illis
1119 1003 1281 1068 Articulis
1312 1027 1416 1068 assere·

308 1103 444 1183 bantur,
480 1111 550 1164 tum
574 1123 633 1186 per
656 1104 764 1186 ipsam
795 1102 1051 1166 submissionem
1086 1125 1151 1188 qua
1182 1101 1351 1187 praesules
1371 1125 1416 1186 gu·

306 1200 414 1265 bernii
438 1199 605 1264 mandatis
620 1221 744 1264 morem
761 1209 941 1283 gesserunt.
982 1200 1003 1265 J
1006 1222 1059 1264 am
1078 1200 1138 1264 sub
1155 1199 1331 1264 Ludovico
1346 1200 1416 1262 XIV

307 1297 537 1362 molestissima
568 1297 632 1361 fuit
656 1299 820 1384 episcopis
850 1298 990 1382 indigna
1023 1297 1078 1362 illa
1104 1297 1285 1382 subjecti03
1320 1308 1417 1362 tamen

306 1406 440 1482 propter
463 1398 550 1479 regis
573 1397 731 1479 pietatem
756 1405 788 1459 et
804 1395 1010 1481 majestatem
1035 1395 1238 1479 singularem
1255 1395 1418 1480 quomodo·
1468 1407 1469 1410 ’

306 1516 450 1580 cumque
487 1492 667 1558 tolerabilis
702 1493 889 1558 videbatur.
946 1493 1011 1559 Sed
1044 1494 1175 1558 saeculo
1209 1496 1418 1580 subsequente

224 1657 231 1674 ,
306 1593 367 1658 sub
392 1592 601 1678 principibus
616 1607 734 1678 parum
759 1592 869 1677 dignis
885 1591 1133 1657 Parlamentum
1158 1593 1221 1657 sibi
1246 1596 1282 1658 in
1300 1591 1418 1656 Glerum

305 1691 406 1756 talem
430 1690 614 1755 identidem
637 1693 806 1776 arrogavit
830 1691 1110 1771 dominationem,
1136 1701 1172 1754 ut
1196 1714 1235 1756 ea
1259 1694 1293 1755 in
1318 1712 1418 1754 veram

305 1789 554 1874 oppressionem
577 1789 748 1854 Ecclesiae
773 1790 997 1875 degeneraret.

396 1887 434 1950 2⁰
457 1886 585 1970 Negata
609 1887 846 1952 infallibilitate
869 1888 1012 1951 Romani
1032 1887 1214 1969 Pontificis,
1238 1887 1336 1950 rebar
1353 1885 1418 1950 Coa-

305 1984 481 2048 etitutioarn
513 1982 545 2048 δ.
572 1983 665 2049 Sedis
695 1995 804 2049 contra
833 1985 1039 2049 Janeaaa'stae
1068 1986 1204 2048 monime
1235 1986 1419 2049 imminutam

306 2093 361 2160 est,
387 2103 426 2146 ac
449 2081 581 2146 facilius
604 2083 667 2147 fuit
691 2083 813 2147 exinde
837 2082 885 2147 illi
909 2082 1046 2147 factioni
1071 2082 1301 2146 damnationes
1319 2102 1418 2145 omnes

305 2179 456 2260 eludere,
481 2178 733 2267 Ecclesiamque
754 2179 961 2244 Gallicanam
987 2182 1143 2244 continuo
1168 2180 1312 2245 turbare.
1358 2179 1418 2241 Irno

307 2279 399 2363 ipsae
424 2287 617 2362 praetensae
641 2277 810 2343 libertates
835 2277 1043 2362 Gallicanae,
1068 2280 1117 2343 uti
1140 2279 1299 2362 vidimus,
1323 2275 1419 2342 Parla·
1470 2267 1471 2272 ¹

308 2377 427 2440 mentis
452 2378 526 2439 usui
551 2376 700 2459 fuerunt,
733 2387 770 2440 ut
793 2377 1049 2441 obstinationem
1074 2377 1340 2443 Jansenistarum
1364 2387 1419 2437 tue·

305 2483 430 2538 rentur.

394 2573 433 2637 3⁰
465 2571 577 2652 Quum
602 2584 712 2637 contro
744 2572 855 2637 Sedena
881 2576 1060 2637 Romanam
1082 2573 1234 2637 Ecclesia
1257 2570 1421 2636 Gallicana

305 2672 477 2756 supposita
501 2693 561 2734 sua
579 2671 657 2756 jura
673 2671 860 2735 vindicaret
885 2671 1118 2756 doctrinasque
1135 2673 1300 2734 emitteret
1323 2669 1420 2733 eidem
1471 2669 1472 2680 ’

306 2768 468 2848 infensas,
501 2789 538 2832 eo
563 2770 633 2854 ipso
659 2771 843 2833 necessario
878 2769 956 2832 inde
989 2791 1031 2832 ex
1055 2792 1092 2833 eo
1116 2779 1264 2855 tempore
1296 2790 1361 2854 quo
1384 2787 1421 2829 so·

305 2865 406 2929 lemni
432 2877 508 2930 actu
532 2869 594 2930 ista
618 2866 784 2931 declarata
809 2890 849 2932 ac
874 2867 1007 2932 decreta
1030 2877 1123 2950 sunt,
1154 2868 1311 2932 contentio
1334 2865 1422 2950 vipait

304 2965 389 3027 inter·
418 2963 637 3050 Apostolieam
667 2964 778 3038 Sectam
815 2975 845 3028 et
879 2963 1003 3030 Claram
1034 2964 1174 3030 Galliae.
1226 2964 1306 3029 Sedi
1343 2965 1420 3028 enim

305 3061 475 3126 Romanae
499 3063 705 3129 vindicanda
735 3073 829 3128 erant
854 3086 913 3127 sua
940 3064 1018 3148 jura
1042 3074 1076 3126 et
1098 3066 1221 3127 veritas
1245 3063 1343 3142 fidei3
1378 3060 1421 3123 de·

306 3158 407 3223 bebat
430 3161 501 3245 ipsa
525 3162 661 3246 rejicere
685 3163 764 3225 istas
788 3163 1001 3245 assertiones,
1037 3170 1069 3224 et
1092 3162 1226 3225 nonnisi
1250 3161 1421 3244 aegerrime

305 3257 348 3322 ob
373 3260 638 3323 circumstantias
661 3268 847 3344 temporum
879 3259 960 3323 tales
985 3259 1154 3323 doctrinas
1178 3260 1213 3322 in
1237 3256 1348 3322 Gallia
1371 3258 1420 3319 cir-

306 3356 462 3420 cumferri
486 3356 656 3420 tolerabat.
704 3356 743 3420 Id
767 3355 856 3420 Galli
881 3355 1144 3442 conspiciebant,
1169 3377 1338 3442 quumque
1362 3377 1421 3418 sen·

305 3455 442 3517 tentiam
477 3452 577 3517 semel
610 3456 763 3518 emissam
795 3456 880 3518 tueri
916 3454 970 3518 vel
1006 3454 1122 3518 saltem
1156 3477 1222 3519 non
1254 3464 1420 3517 retractare

305 3549 423 3615 honori
447 3552 591 3616 nationis
606 3553 785 3616 convenire
810 3552 867 3615 diu
892 3561 1113 3634 autumarent,
1138 3573 1205 3615 non
1227 3553 1334 3636 potuit
1349 3551 1418 3628 fieri,

306 3651 387 3734 quin
411 3648 559 3713 Romano
583 3649 738 3713 Pontifici
770 3659 1023 3733 succenserent,
1060 3672 1099 3713 ac
1124 3651 1151 3714 si
1175 3651 1313 3713 nimiam
1344 3658 1417 3734 pote-

305 3756 424 3810 statem
456 3745 519 3810 sibi
551 3747 744 3812 vindicaret.
804 3745 1016 3832 Quapropter
1053 3757 1145 3812 arcta
1178 3747 1235 3811 illa
1268 3746 1415 3812 connexio

305 3866 406 3928 quam
431 3845 517 3907 inter
540 3843 659 3908 Sedem
679 3844 906 3929 Apostolicam
931 3855 964 3908 et
987 3845 1230 3911 nobilissimam
1247 3845 1413 3909 Ecclesiam

305 3941 519 4006 Gallicanam
543 3945 656 4028 vigere
680 3943 779 4028 plane
804 3942 1035 4020 conveniebat,
1063 3944 1299 4008 detrimentum
1322 3963 1411 4028 passa.

307 4041 403 4123 vigor
435 4048 545 4103 autem
580 4042 683 4126 ipsius
717 4040 886 4104 Ecclesiae
916 4039 1110 4106 Gallicanae
1144 4043 1267 4106 exinde
1300 4036 1411 4106 saeculo

308 4138 437 4202 decimo
462 4147 578 4202 octavo
604 4149 653 4202 est
675 4140 881 4204 imminutus.
921 4139 1043 4203 Intima
1068 4141 1155 4203 enim
1181 4150 1214 4204 et
1237 4139 1329 4226 plena
1351 4156 1409 4198 con·

307 4238 406 4300 nexio
438 4258 514 4299 cum
538 4247 649 4301 centro
674 4238 811 4300 unitatis
842 4238 1023 4323 unicuique
1048 4237 1210 4302 ecclesiae
1234 4237 1329 4304 robur
1349 4253 1407 4296 eon·
