3020 4908
395 472 436 525 De
453 469 630 524 Pontificibus
648 469 749 524 saeculi
768 467 871 522 XVIII.
1143 463 1196 518 389

162 617 213 681 16.
261 616 469 693 Innocentius,
486 615 572 677 XIII
600 613 642 700 (a.
669 611 912 690 itm-1724).
947 647 988 656 -
1017 610 1096 674 Post
1127 607 1196 673 Cle-
1224 611 1344 712 335⁰&

67 723 217 777 mentem
243 714 294 776 XI
326 714 380 776 die
411 712 448 776 8⁰
471 713 551 776 Maii
583 713 619 775 in
643 711 840 775 Pontificem
871 707 994 772 electus
1025 715 1074 770 est
1099 708 1197 771 Inuo·
1342 701 1361 730 ”

66 813 202 875 centius
215 812 311 894 XIII,
337 820 434 874 antea
458 809 603 874 Michaol
627 806 776 892 Angelus
800 806 841 870 de
860 804 1044 869 Comitibus
1070 803 1195 888 (Conti)

65 910 253 992 Romanus,
267 933 298 975 n.
314 933 342 974 a.
360 908 455 973 1655.
479 909 615 973 Praeter
628 907 810 970 claritatem
823 905 963 988 generis,
977 925 1019 966 ex
1032 925 1096 988 quo
1110 905 1196 966 varii

64 1007 250 1070 Pontifices
275 1028 302 1071 e.
326 1030 356 1091 g.
382 1007 597 1071 Innocentius
620 1006 671 1070 III
703 1013 734 1068 et
758 1003 937 1086 Gregorius
958 1001 1009 1067 IX
1033 1002 1195 1086 prodiere,

64 1127 212 1168 munera
235 1126 365 1190 quoque
391 1105 480 1168 domi
510 1105 654 1190 forisque
677 1112 769 1186 gesta
793 1123 868 1164 eum
894 1121 1047 1184 supremo
1071 1099 1196 1162 honore

63 1203 210 1286 dignum
234 1202 427 1268 reddebant.
461 1202 622 1266 Prudenti
645 1200 780 1265 consilio
797 1201 884 1262 rexit
899 1197 1103 1279 Ecclesiam
1128 1208 1195 1261 ten·

62 1300 203 1364 dentiae
227 1309 337 1364 autem
355 1301 543 1385 principum
564 1299 606 1364 ad
627 1298 819 1384 usurpanda
838 1296 915 1383 jura
932 1296 1103 1359 Pontificis
1121 1316 1195 1358 oon-

61 1397 256 1464 tinuabant.
303 1397 445 1483 Accepit
476 1409 586 1462 tamen
618 1396 661 1461 ab
685 1398 757 1482 ipso
783 1393 921 1460 Carolus
944 1394 994 1457 VI
1025 1396 1195 1457 investitu-

59 1517 138 1558 ram
165 1497 337 1581 utriusque
362 1496 510 1576 Siciliae,
535 1496 686 1580 adeoque
710 1495 855 1579 practice
879 1493 1017 1556 feudum
1042 1490 1074 1556 S.
1099 1490 1195 1556 Sedis

60 1593 149 1658 illud
184 1615 324 1677 reguum
358 1616 430 1658 esse
463 1595 610 1677 agnovit.
664 1592 730 1658 Sed
767 1592 888 1655 frustra
925 1591 1194 1675 protestationem

60 1693 178 1756 emisit
201 1692 435 1772 Innocentius,
470 1713 571 1776 quum
596 1689 781 1776 Imperator
814 1688 971 1752 ducatum
996 1687 1135 1751 Parmae
1163 1697 1196 1750 et

59 1790 258 1854 Placentiae
283 1791 464 1853 destinaret
488 1787 605 1852 Carolo
631 1789 718 1871 regis
742 1786 926 1871 Hispaniae
951 1784 1027 1850 filio.
1052 1822 1095 1831 —
1127 1783 1194 1849 Gu-

59 1887 176 1950 bernii
201 1884 321 1951 Gallici
357 1889 516 1950 instantia
550 1888 688 1951 adactus
713 1895 778 1962 est,
814 1894 851 1947 ut
883 1884 1035 1968 quamvis
1068 1884 1194 1947 invitus

60 1986 265 2067 dignitatem
291 1982 535 2049 cardinalitiam
561 1985 724 2048 conferret
748 1982 916 2047 Gulielmo
940 1980 1072 2044 Dubois
1097 1983 1193 2045 mini·

59 2093 129 2146 stro
155 2081 302 2167 Philippi
335 2084 585 2147 Aurelianensis
615 2082 891 2146 administratoris
921 2081 1013 2164 regni
1043 2079 1185 2162 Galliae,

59 2183 136 2243 viro
162 2203 280 2265 parum
305 2180 417 2264 digno.
466 2182 541 2260 Qua
565 2180 606 2244 de
630 2202 665 2243 re
688 2181 763 2265 pius
787 2178 949 2242 Pontifex·
966 2181 1187 2244 conscientiae

58 2301 205 2362 angores
236 2301 353 2364 passus
376 2303 446 2343 esse
479 2280 610 2344 dicitur.
660 2279 772 2359 Quum
797 2299 875 2342 vero
908 2280 1030 2362 optime
1062 2278 1103 2342 de
1127 2278 1190 2341 hoc

58 2377 227 2441 Pontifice
251 2376 362 2440 adhuc
386 2377 500 2441 fideles
525 2386 712 2463 sperarent,
736 2385 946 2462 praemature
971 2377 1110 2441 erebus
1134 2376 1192 2439 hu·

60 2476 176 2538 manis
200 2475 358 2560 abreptus
382 2485 431 2539 est
456 2475 508 2539 die
535 2477 571 2540 7⁰
595 2475 706 2539 Martii
731 2498 760 2540 a.
789 2475 884 2540 1724.

158 2573 207 2637 17.
256 2573 444 2636 Benedictus
468 2575 553 2637 XIII
573 2573 617 2660 (a.
644 2572 887 2653 1724-1730).
920 2610 962 2619 —
994 2572 1073 2636 Post
1098 2572 1193 2636 Inno-
1251 2573 1331 2611 0¹¹⁰l⁰

60 2673 169 2735 centii
202 2671 287 2734 XIII
319 2671 447 2735 obitum
483 2672 742 2756 suffragantibus
773 2669 927 2734 omnibus
959 2667 1193 2733 Cardinalibus

63 2770 122 2833 die
164 2769 224 2832 29⁰
255 2769 336 2832 Maii
375 2793 404 2834 a.
441 2771 527 2834 1724
564 2769 720 2833 Pontifex
758 2770 967 2832 renuntiatus
1005 2776 1053 2830 est
1091 2767 1193 2830 Bene-

61 2868 176 2931 dictus
202 2867 302 2947 XIII,
327 2878 426 2931 antea
451 2868 650 2931 Vincentius
674 2867 780 2931 Maria
804 2867 945 2930 Ursinus
969 2863 1009 2930 Ο.
1031 2865 1078 2946 Ρ.,
1103 2866 1193 2928 vitae

61 2967 289 3028 sanctimonia
323 2965 448 3029 etzelo
484 2988 542 3051 pro
568 2966 664 3029 domo
690 2966 754 3028 Dei
788 2966 1003 3050 conspicuus,
1040 2965 1193 3047 quamvis

61 3063 192 3147 optima
223 3065 334 3126 omnia
373 3065 579 3149 maximique
611 3065 770 3126 momenti
809 3083 895 3147 quae
932 3083 989 3146 pro
1021 3060 1193 3124 Ecclesiae

60 3159 208 3223 utilitate
232 3161 390 3245 perficere
415 3163 589 3245 cogitaret,
616 3161 748 3225 defectu
772 3162 894 3224 virium
920 3169 952 3222 et
974 3167 1109 3243 propter
1133 3158 1192 3221 dif-

60 3256 248 3320 ficultatem
282 3268 468 3342 temporum
502 3261 621 3344 exequi
655 3281 723 3322 non
755 3260 909 3344 potuerit.
965 3255 1111 3320 Celebris
1144 3267 1194 3320 est

61 3355 215 3439 synodus
238 3354 390 3420 Romana
414 3357 647 3441 provincialis,
678 3378 777 3442 quam
803 3379 877 3419 curn
902 3353 1137 3418 Cardinalibus
1160 3364 1193 3417 et

61 3452 180 3516 multis
214 3455 379 3538 episcopis
412 3476 499 3518 anno
535 3454 620 3518 1725
654 3453 846 3518 celebravit.
903 3451 956 3516 Ab
989 3454 1193 3536 Imperatore

62 3550 184 3615 Oarolo
202 3549 251 3613 VI
275 3553 344 3637 ipse
368 3553 496 3636 recepit
520 3553 690 3615 civitatem
716 3551 920 3630 Comaclum,
945 3572 1030 3636 quae
1055 3559 1191 3634 septem-

62 3649 176 3712 decim
200 3649 297 3712 annis
321 3672 340 3712 a
366 3651 470 3735 copiis
496 3651 657 3712 caesareis
682 3658 843 3734 occupata
866 3648 984 3712 fuerat.
1033 3647 1117 3712 Cum
1141 3671 1193 3713 eo·

63 3747 145 3810 dem
170 3744 287 3809 Carolo
312 3746 404 3810 litem
429 3748 470 3811 de
494 3746 689 3810 Monarchia
713 3747 825 3812 Sicula
850 3749 1052 3832 composuit,
1078 3770 1191 3812 conce·

64 3845 150 3908 dens
174 3842 369 3928 Imperatori
396 3845 545 3931 judicem
572 3845 832 3909 ecclesiasticum
863 3867 921 3930 pro
945 3847 1041 3908 tertia
1070 3847 1192 3909 instan-

62 3944 132 4022 tia,
159 3963 275 4004 causas
300 3963 378 4005 vero
403 3943 544 4027 majores
568 3941 646 4006 Sedi
672 3943 882 4028 Apostolicae
905 3965 1087 4007 reservans.
1136 3943 1191 4008 Sic

64 4038 250 4102 identidem
281 4039 388 4123 litigia
413 4043 498 4104 inter
521 4040 709 4104 Romanum
734 4041 930 4104 Pontificem
961 4050 993 4104 et
1023 4042 1191 4126 principes

65 4161 106 4200 ea
130 4139 257 4201 ratione
282 4141 463 4223 composita
487 4141 631 4221 fuerunt,
656 4149 691 4202 ut
708 4139 809 4204 Sedes
826 4137 1077 4224 Apostolioa‘id
1102 4138 1190 4223 quod

64 4236 236 4320 principes
268 4236 480 4320 postulabant
509 4260 631 4321 magna
658 4247 752 4322 parte
782 4237 972 4322 largiretur,
1010 4236 1191 4300 dummodo
