3034 4894
292 476 326 530 34
422 475 561 530 XXXVII.
582 476 622 530 De
639 474 728 530 initiis
746 493 778 531 aa
796 477 829 531 de
847 492 959 546 propag.
978 477 1289 546 pseudoraformationis.

293 618 386 683 brevi
411 620 453 684 ab
469 619 660 705 Apostolica
677 618 762 686 Sede
787 620 1012 686 damnandam
1024 685 1026 690 ,
1038 645 1117 705 3333,
1142 622 1183 687 31
1203 622 1358 688 Carolum
1372 625 1421 706 V,

293 721 350 803 qui
374 741 402 784 a.
423 718 507 782 1519
533 717 763 781 Maximiliano
788 720 823 782 in
839 719 982 804 Imperio
1002 722 1161 784 suffectus
1176 722 1292 804 fuerat,
1317 731 1423 807 atque

293 816 335 880 ad
368 815 496 880 nobiles
523 817 667 880 nationis
695 816 898 880 Germaniae
929 817 1050 882 librum
1084 820 1215 904 scripsit
1247 820 1287 883 de
1314 820 1421 906 refor-

292 915 428 978 313113113
444 913 614 997 Ecclesiae,
640 916 674 977 in
699 936 763 1000 quo
787 915 825 979 R.
850 915 1025 980 Pontificis
1049 920 1239 1001 primatum,
1265 918 1420 982 divinam

292 1013 462 1077 Ecclesiae
501 1011 731 1093 hierarchiam,
766 1011 909 1078 Ordines
940 1014 1177 1092 mendicantes,
1216 1015 1420 1079 coelibatum

187 1139 200 1166 u
293 1110 497 1192 clericorum,
516 1110 573 1195 jus
590 1112 788 1174 canonicum
802 1111 911 1174 313113
924 1115 1140 1196 oppugnavit.
1156 1151 1198 1160 —-
1211 1113 1310 1177 Anno
1331 1113 1423 1178 1520

166 1201 254 1240 w·
293 1208 347 1272 die
373 1208 539 1273 15⁰Junii
564 1209 632 1271 Leo
649 1209 682 1272 X
707 1207 954 1273 celeberrimam
969 1209 1099 1274 Bullam
1122 1212 1264 1298 Essurpa
1280 1214 1423 1276 Domine

292 1305 411 1390 edidit,
447 1308 572 1393 inqua
609 1307 916 1391 41pr0p0siti0nes
955 1330 972 1371 e
1011 1310 1141 1392 scriptis
1166 1308 1423 1373 haeresiarchae

293 1414 479 1490 excerptas¹
497 1403 678 1470 damnavit.
735 1403 873 1469 Lutheri
910 1407 1032 1491 scripta
1066 1409 1267 1492 proscripsit,
1307 1410 1420 1492 ipsum

291 1503 548 1588 praedicationis
581 1501 690 1565 officio
729 1503 919 1584 interdixit,
960 1514 993 1566 et
1024 1506 1087 1568 nisi
1121 1507 1207 1568 inter
1241 1507 1425 1588 sexaginta

293 1601 362 1665 dies
386 1623 510 1664 errores
534 1622 609 1663 suos
632 1611 829 1685 revocasset,
855 1623 931 1664 eum
956 1601 1093 1687 ejusque
1114 1611 1290 1666 sectatores
1306 1604 1422 1666 haere-

290 1701 374 1763 ticos
404 1699 446 1764 ab
478 1697 631 1762 omnibus
672 1697 843 1762 habendos
883 1722 952 1763 esse
990 1699 1181 1766 declaravit.
1233 1701 1427 1764 Virulentis

292 1808 324 1861 et
348 1799 460 1882 impiis
482 1795 602 1860 libellis
618 1795 785 1860 Lutherus
801 1797 1031 1882 respondit3e
1014 1797 1176 1883 ejusmodi
1194 1801 1318 1883 scripta
1341 1811 1425 1863 sunt

292 1895 365 1959 illa:
411 1897 461 1958 Da
496 1917 554 1980 cop
558 1895 680 1958 11311313
712 1894 925 1981 Babylonica,
962 1897 1012 1959 Do
1028 1821 1177 1960 Jlibertot
1130 1907 1193 1960 1313
1231 1899 1427 1980 3111313113,

292 1994 451 2058 Aduersus
486 1991 707 2056 33333131113111
732 1992 851 2056 bullum
881 2003 938 2056 3111
926 1994 1071 2059 1131111311.
1119 1995 1181 2058 His
1203 1993 1323 2058 libellis
1345 2004 1426 2059 tum

292 2113 417 2155 errores
441 2112 516 2154 suos
540 2092 645 2174 magis
670 2093 842 2176 magisque
866 2093 961 2154 auxit
981 2102 1016 2154 31
1040 2091 1219 2174 evolvit,t
1206 2102 1276 2156 tum
1303 2094 1425 2157 odium

292 2199 406 2254 contra
429 2189 555 2273 Papam
589 2199 620 2251 31
650 2188 836 2252 Ecclesiam
872 2188 1070 2254 catholicam
1104 2175 1228 2275 ubique
1262 2213 1428 2276 spargere

292 2287 428 2353 studuit
475 2287 541 2350 Die
565 2308 643 2350 vero
670 2287 728 2351 10⁰
752 2287 1001 2351 Decembrisa.
1029 2289 1116 2352 1520
1145 2311 1165 2350 3
1197 2287 1309 2352 multis
1332 2288 1424 2352 11113

291 2407 399 2448 rarum
427 2383 583 2448 studiosis
606 2386 745 2470 stipatus
771 2384 939 2470 Corpus
926 2388 1013 2470 puris
1047 2388 1199 2450 canonici
1224 2409 1301 2450 cum
1326 2387 1428 2452 bulla

291 2483 462 2569 pontificia
498 2495 528 2549 et
563 2483 731 2546 nonnullis
763 2484 1029 2548 adversariorum
1063 2486 1193 2569 scriptis
1228 2486 1262 2548 in
1297 2507 1426 2568 rogum

292 2590 369 2646 ante
393 2583 524 2646 moenia
548 2581 863 2665 Wittembergensia
887 2591 1092 2646 exstructum
1118 2583 1270 2667 conjecit.
1296 2583 1367 2648 Leo
1385 2586 1425 2648 X

292 2680 859 2745 331311113301311311131521
891 2682 924 2742 in
957 2703 1045 2744 nova
1057 2680 1154 2744 Bulla
1177 2683 1276 2744 Decet
1300 2684 1425 2746 Roma-

291 2801 366 2842 31113
389 2779 662 2862 Pontificemt
596 2778 662 2841 Lut
663 2776 779 2840 herum
813 2777 950 2863 ejusque
980 2778 1184 2842 asseclastet
1214 2789 1426 2864 protectores

293 2876 475 2941 declaravit
512 2877 816 2939 excommunicatos
853 2885 885 2939 et
923 2877 1101 2940 incurrisse
1140 2899 1264 2998 poenas
1303 2888 1428 2942 contra.

292 2974 415 3038 haeret
393 2983 475 3037 trcos
499 2983 603 3037 constr
596 2975 703 3037 ’.13133

380 3074 433 3137 34.
482 3072 593 3152 Quum
625 3072 758 3154 igitur
746 3094 815 3183 pam
841 3093 877 3135 33
903 3073 937 3136 in
962 3081 1026 3136 stat
992 3095 1049 3136 au
1072 3095 1123 3136 133
1148 3081 1276 3136 333313
1257 3073 1420 3155 1,,1520

292 3182 328 3235 ut
352 3173 450 3235 unice
473 3170 634 3234 Friderici
658 3169 753 3232 Elect
740 3171 819 3233 toris
850 3169 981 3233 influxu
1005 3171 1072 3234 Lut
1074 3171 1172 3234 herus
1204 3171 1346 3256 ejusque
1372 3195 1421 3236 er-

291 3291 380 3334 rores
404 3271 538 3354 reprimi
573 3269 756 3353 potuissent
766 3319 774 3352 ,
815 3267 932 3331 infelix
967 3267 1022 3332 ille
1068 3270 1221 3353 princeps
1265 3273 1423 3353 perrexit

291 3367 557 3446 haeresiarcham
587 3365 724 3430 tolerare
755 3389 795 3429 ae
825 3367 920 3447 tueri,
961 3388 1021 3430 nec
1053 3364 1280 3450 obsecundare
1311 3368 1427 3432 voluit

291 3466 407 3549 legatis
436 3464 608 3529 Pontificis
631 3463 799 3528 Alcandro
836 3474 868 3528 et
901 3463 1101 3547 0313331313,
1141 3465 1198 3548 qui
1233 3465 1427 3530 monebant

292 3586 378 3646 eum,
403 3574 439 3626 ut
455 3585 513 3648 pro
539 3566 660 3647 pietate
683 3562 829 3626 familiae
854 3585 931 3626 suae
949 3572 1086 3645 curaret,
1112 3561 1221 3625 edicta
1237 3562 1427 3628 Pontificia

293 3663 496 3726 exsecutioni
534 3661 696 3725 mandari.
750 3659 815 3726 Sed
855 3659 1052 3743 ambagibus
1089 3682 1167 3724 usus
1199 3670 1248 3723 est
1271 3660 1425 3745 Elector,

293 3770 506 3845 conquestus,
538 3761 639 3823 nimio
664 3759 780 3822 ardore
804 3780 1011 3844 progressum
1036 3780 1106 3822 3333
1130 3757 1276 3820 Eckium
1302 3759 1338 3822 in
1365 3781 1425 3822 cx—

293 3858 460 3944 sequenda
483 3857 579 3921 Bulla
603 3857 735 3937 Leonis,
760 3879 799 3920 ac
815 3856 961 3920 Luthero
986 3877 1108 3941 aequos
1127 3855 1260 3940 judices
1284 3857 1321 3920 in
1337 3855 1425 3921 Ger-

292 3957 404 4020 mania
435 3956 589 4018 constitui
621 3953 751 4020 debere.
798 3953 955 4038 Magnam
985 3975 1063 4016 vero
1094 3954 1196 4016 fuisse
1228 3955 1292 4017 ista
1322 3956 1360 4018 in
1383 3978 1428 4020 re

293 4053 425 4138 culpam
448 4054 577 4116 Erasmi
603 4053 737 4116 tradunt
762 4054 946 4137 scriptores,
963 4074 1008 4115 3ο
1023 4051 1110 4136 quod
1124 4060 1262 4115 conatus
1275 4051 1423 4117 Lutheri

293 4173 403 4215 coram
427 4151 577 4235 principe
601 4152 819 4215 excusaverit.
856 4149 978 4214 Scribit
1001 4150 1157 4214 videlicet
1174 4149 1426 4232 Ulenbergius:

296 4248 416 4331 ,Hunc
441 4247 643 4332 (Erasmum)
668 4248 788 4311 elector
804 4248 1002 4330 Fridericus,
1028 4248 1107 4312 dum
1128 4247 1286 4311 Coloniae
1310 4267 1426 4312 mora—
