3336 4908
526 497 567 550 De
586 498 659 552 Pace
681 497 864 552 Clementiae.
1206 498 1256 554 281

147 640 333 722 pertinebat,
359 649 500 725 quatuor
523 643 696 726 episcopos
720 641 762 704 ad
780 664 896 725 pacem
920 643 1096 708 admittere
1120 654 1256 729 poterat.

143 738 293 806 Jamvero
324 738 404 802 tales
428 748 649 823 pervenerant
671 739 811 803 Romam
836 741 1081 825 episcoporum,
1115 743 1257 806 ministri

144 839 222 920 regis
246 847 279 901 et
303 838 605 900 commissariorum
628 839 875 918 attestationes,
908 848 945 902 nt
978 839 1005 902 si
1030 840 1133 904 verba
1157 839 1256 904 obvio

143 944 172 998 et
193 936 312 998 usitato
336 956 436 998 sensu
460 944 677 1015 sumerentur,
700 935 842 1022 juridice
867 936 1069 1001 sufficienter
1093 947 1258 1003 constaret

143 1033 178 1095 dc
200 1033 409 1116 reparatione
433 1033 475 1097 ab
500 1035 664 1118 episcopis
687 1034 776 1098 facta
806 1056 865 1119 per
889 1035 1072 1120 simplicem
1096 1037 1256 1102 formulae

141 1130 421 1215 subscriptionem.
469 1130 592 1216 Aliqua
624 1133 659 1195 in
681 1130 799 1195 litteris
828 1132 892 1196 illis
924 1134 1082 1218 ambigua
1105 1145 1257 1220 poterant

143 1227 277 1314 benigne
302 1232 337 1294 in
361 1230 508 1293 favorem
533 1231 763 1315 episcoporum
787 1232 920 1315 exponi.

107 1369 109 1414 :
222 1327 276 1392 69.
317 1325 523 1412 Simulatque
547 1326 585 1392 3⁰
608 1327 817 1390 advenerunt
839 1327 895 1391 illa
920 1328 1118 1394 documenta
1141 1353 1256 1397 versus
1276 1325 1417 1426 dfflffis

139 1425 233 1488 finem
247 1424 463 1511 Septembris,
488 1424 644 1488 Pontifex
668 1427 847 1509 praecipue
872 1436 978 1490 motus
1003 1427 1141 1512 epistola
1156 1428 1255 1494 valde
1290 1449 1403 1498 neuen.

139 1534 271 1606 urgente
284 1525 427 1588 ministri
444 1525 526 1606 regii
544 1523 695 1607 Lyonne,
720 1523 761 1586 ad
779 1545 891 1606 regem
908 1525 994 1589 illico
1013 1525 1104 1589 dedit
1119 1525 1254 1612 litteras,

139 1620 252 1704 quibus
284 1621 589 1685 reconciliationem
622 1621 845 1687 annuntiavit.
893 1622 934 1685 In
959 1621 1069 1687 Gallia
1100 1623 1156 1687 illa
1188 1647 1255 1710 pax

140 1719 337 1802 proclamata
366 1720 444 1802 fuit,
485 1721 638 1806 quamvis
670 1719 827 1783 Pontifex
857 1721 964 1784 Breve
1005 1720 1048 1784 ad
1084 1724 1256 1808 episcopos

139 1818 280 1881 nondum
313 1818 469 1882 dedisset.
516 1817 695 1902 Postquam
728 1839 805 1881 vero
838 1817 918 1881 illud
943 1818 1051 1882 Breve
1080 1819 1123 1883 ad
1147 1820 1256 1886 Ludo-

139 1917 241 1980 vicum
260 1937 375 2000 regem
392 1939 411 1979 a
428 1915 598 1980 Clemente
614 1914 666 1979 IX
691 1914 806 1978 datum
831 1925 901 1979 erat
916 1939 1079 2002 suumque
1095 1917 1256 1983 habuerat

139 2013 168 2075 in
190 2013 302 2078 Gallia
325 2013 566 2100 amplissimum
591 2014 755 2094 effectum,
781 2015 898 2098 ingens
923 2023 1010 2078 certe
1033 2015 1148 2080 aderat
1171 2002 1255 2080 diffi-
1369 2007 1370 2010 ¹

138 2110 244 2196 cultas,
270 2121 309 2174 ut
325 2111 480 2176 Pontifex
504 2113 575 2176 sine
591 2111 797 2196 praejudicio
813 2133 853 2175 ac
869 2134 1048 2198 permagno
1064 2113 1254 2179 discrimine
1298 2147 1299 2150 ¹

138 2209 305 2294 dignitatis
329 2219 361 2273 11
385 2211 589 2274 auctoritatis
614 2231 692 2274 suae
716 2232 735 2272 a
760 2212 894 2295 coeptis,
920 2212 986 2274 imo
1007 2211 1075 2276 fere
1092 2212 1254 2297 perfectis,

138 2307 315 2389 desisteret,
337 2310 601 2393 sententiamque
618 2318 770 2372 mutaret.
796 2306 1067 2394 Supervenerunt
1079 2309 1256 2375 relationes

133 2408 278 2489 privatae
303 2428 527 2491 personarum,
553 2428 637 2491 quae
662 2405 785 2470 adhoc
809 2408 979 2489 negotium
997 2429 1063 2472 non
1078 2407 1256 2493 deputatae

138 2515 232 2586 erant,
266 2514 301 2568 et
324 2507 420 2589 copia
444 2504 603 2568 Actorum
633 2503 845 2587 synodalium
875 2506 999 2589 pariter
1016 2507 1172 2591 privatim
1194 2506 1255 2571 Ro·

138 2622 217 2667 mam
241 2605 439 2667 transmissa
463 2613 519 2669 est.
569 2601 697 2682 Quodsi
721 2602 878 2666 Pontifex
909 2603 1001 2666 bisce
1024 2604 1117 2666 nisus
1145 2603 1254 2669 denuo

138 2719 265 2766 causam
290 2700 355 2764 illis
379 2701 542 2787 episcopis
567 2700 757 2778 indixisset,
790 2723 893 2786 quum
915 2723 976 2764 rex
994 2695 1071 2785 jam
1089 2700 1188 2785 plane
1211 2700 1253 2765 ab

137 2818 170 2860 ea
185 2796 369 2880 desisteret,
393 2798 539 2884 profecto
564 2797 748 2884 periculosa
772 2800 908 2882 agitatio
928 2800 963 2862 in
978 2797 1087 2863 Gallia
1110 2799 1255 2864 excitata

136 2894 253 2963 fuisset.
287 2897 477 2962 Juridicum
495 2897 662 2962 debuisset
679 2918 819 2960 examen
836 2898 964 2961 institui
981 2897 1023 2961 de
1039 2895 1103 2962 illis
1120 2897 1255 2981 synodis

135 3001 163 3054 et
184 2993 225 3058 de
249 2995 457 3079 genuinitate
480 2994 610 3058 illorum
627 2993 804 3068 Actorum;
829 2995 975 3060 Nuntius
992 3017 1070 3059 vero
1086 2995 1255 3060 Pontificis

135 3100 163 3153 et
177 3093 397 3157 commissarii
421 3095 592 3157 constituti
616 3102 773 3178 tanquam
801 3095 865 3156 viri
890 3095 1000 3157 minus
1023 3093 1081 3156 fidi
1106 3091 1160 3156 vel
1184 3114 1254 3176 pro-

135 3189 200 3253 vidi
225 3193 284 3276 qui
310 3192 477 3275 negotium
502 3191 589 3254 male
604 3193 792 3275 gessissent,
816 3190 961 3255 traducti
975 3191 1123 3255 fuissent.
1153 3190 1255 3254 Petiit

136 3287 267 3370 quidem
291 3287 448 3352 Pontifex
480 3289 648 3353 aNuntio
679 3287 871 3352 relationem
903 3288 944 3352 de
968 3287 1033 3352 illis
1056 3288 1178 3369 Actis,
1196 3288 1253 3352 sed

135 3383 249 3448 iterum
263 3387 395 3471 accepit
404 3387 650 3466 documentum,
670 3386 927 3450 declarationem
937 3385 1095 3450 videlicet
1106 3387 1253 3472 episcopi

137 3479 395 3566 catalaunensis,
428 3507 492 3570 quo
525 3486 635 3549 omnia
666 3484 751 3548 bene
783 3493 917 3569 peracta
941 3506 1011 3548 esse
1040 3482 1253 3547 referebatur.

135 3578 241 3646 Satius
256 3583 480 3666 igitur-visum
497 3592 547 3646 est
558 3583 682 3646 Romae
699 3585 733 3646 in
750 3581 813 3646 illis
830 3580 1092 3663 difficultatibus,
1116 3580 1254 3644 ulterius

136 3699 197 3743 uon
226 3681 379 3744 insistere
402 3681 443 3744 iis
472 3702 557 3766 quae
580 3683 737 3744 secretius
767 3689 900 3764 peracta
924 3690 1017 3744 erant
1047 3687 1079 3742 et
1109 3701 1152 3742 ex
1174 3678 1254 3743 rela-

133 3776 277 3841 tionibus
302 3778 440 3862 privatis
469 3778 553 3842 forte
577 3779 688 3841 minus
711 3776 798 3841 clare
829 3787 862 3840 et
885 3784 1038 3840 accurate
1069 3776 1252 3840 innotesce·

135 3871 221 3957 bant,
255 3875 314 3940 sed
337 3877 378 3940 iis
402 3877 464 3940 niti
488 3898 572 3961 quae
596 3898 616 3939 a
639 3876 787 3960 personis
819 3874 862 3938 ad
886 3875 1056 3958 negotium
1088 3872 1253 3958 deputatis

136 3972 371 4037 nuntiabantur
395 3982 427 4036 et
449 3973 689 4038 consideranda
713 3982 806 4036 erant
830 3980 866 4036 ut
885 3971 1016 4058 publica
1039 3969 1203 4034 submissio
1223 3980 1254 4033 et

136 4071 295 4154 reparatio
320 4093 362 4134 ex
386 4080 479 4155 parte
502 4070 631 4135 illorum
657 4072 896 4156 episcoporum.

222 4168 273 4234 70.
321 4167 449 4249 Quodsi
480 4169 642 4233 retiam
667 4167 789 4233 inillis
821 4167 1027 4232 documentis
1051 4175 1083 4229 et
1098 4167 1252 4249 ‚maxime

137 4264 168 4326 in
191 4265 330 4351 epistola
353 4267 584 4332 novemdecim
608 4267 838 4351 episcoporum
855 4263 1017 4350 quaedam
1035 4263 1252 4328 occurrebant
