3020 4908
267 461 306 516 De
324 465 467 530 propagat.
487 461 687 516 incredulitatis
706 477 737 516 ac
755 463 788 516 de
806 461 982 520 Massonibus.
1132 462 1185 516 409

599 839 658 902 11.

74 989 130 1052 De
145 989 448 1070 propsapattoae
470 989 785 1054 incredulitatis
804 1005 855 1054 ac
877 989 927 1052 de
940 987 1188 1052 Maesessum

486 1095 760 1160 societatibus.

151 1270 204 1336 41.
245 1269 383 1334 Saeculo
409 1271 537 1334 decimo
562 1279 691 1352 octavo,
716 1280 764 1334 ut1
784 1292 856 1356 Jam
880 1271 1061 1350 innuimus,
1085 1271 1183 1333 iocre-

68 1366 184 1431 olub'toe
207 1369 337 1432 funesto
353 1369 450 1436 modo
476 1370 510 1432 in
534 1368 685 1453 plurimis
700 1367 891 1453 regionibus
913 1376 1096 1453 propagata
1111 1367 1184 1445 fuit,

68 1466 111 1528 ita
126 1466 270 1550 quidem,
283 1477 333 1550 pt,
359 1488 462 1550 quum
476 1465 696 1551 praecedente
712 1475 859 1550 tempore
876 1465 1049 1548 increduli,
1074 1485 1186 1550 quam·

69 1565 115 1626 vis
138 1587 202 1628 non
228 1566 327 1649 pauci
352 1572 476 1642 essent,
510 1573 621 1627 tamen
646 1563 734 1627 haud
767 1566 801 1628 in
826 1585 930 1627 unum
955 1563 1185 1646 coalescerent,

67 1683 103 1724 ea
125 1671 231 1726 aetate
264 1663 501 1726 constituerent
531 1671 646 1724 sectura
671 1661 850 1746 quamdam
882 1660 956 1725 odio
982 1664 1127 1725 maximo
1152 1663 1187 1723 in

68 1758 344 1824 christianismum
367 1759 532 1822 refertam.
580 1759 674 1822 Haec
698 1758 913 1824 incredulitas
944 1781 1019 1822 suas
1043 1760 1187 1842 origines

68 1857 98 1918 in
114 1856 236 1941 Anglia
261 1856 388 1922 hahuit.
429 1855 671 1942 Multiplicibus
695 1856 821 1920 scilicet
842 1856 958 1920 litibus
982 1878 1064 1941 quas
1081 1857 1185 1920 diver·

67 1975 118 2017 sae
141 1965 251 2020 sectae
275 1964 494 2040 protestantes
528 1957 563 2018 in
587 1954 711 2039 Anglia
734 1957 821 2019 inter
845 1979 879 2019 se
912 1954 1097 2036 habebant,
1131 1953 1186 2017 ab·

67 2053 234 2138 surdisque
256 2063 288 2116 et
302 2053 468 2116 ferocibus
485 2050 682 2116 Oalvinismi
699 2053 869 2134 doctrinis,
887 2052 1066 2140 multorum
1082 2053 1185 2116 animi

66 2148 106 2211 ad
126 2150 298 2217 licentiam
324 2150 489 2214 sentiendi
522 2151 562 2214 de
586 2150 755 2234 religionis
780 2151 940 2215 doctrinis
964 2160 996 2213 et
1019 2150 1062 2214 ad
1086 2149 1186 2213 irreli-

66 2248 191 2328 gionem
216 2250 405 2335 praeparati
430 2248 573 2312 suerunt.
615 2248 727 2328 Quum
752 2251 840 2312 enim
864 2248 1023 2312 haeretici
1040 2247 1187 2312 christia·

69 2347 159 2409 nismi
178 2347 355 2428 ‚doctrinas
384 2346 480 2409 foede
504 2345 760 2430 defigurassent,
791 2347 971 2430 accedente
995 2347 1186 2430 passionum

67 2442 185 2528 impetu
218 2444 350 2510 facilius
381 2443 452 2507 fieri
481 2446 605 2528 potuit,
642 2454 678 2508 ut
709 2444 841 2507 easdem
874 2443 1058 2529 complures
1089 2443 1187 2529 plane

66 2538 254 2626 abjicerent,
280 2563 403 2626 vagum
420 2540 583 2605 deismum
609 2541 842 2626 profiterentur
865 2552 897 2606 et
911 2542 1091 2626 permultos
1105 2542 1187 2605 alios

67 2658 101 2700 eo
123 2641 361 2724 pertraherent.

149 2758 202 2824 42.
243 2757 318 2820 Non
342 2757 441 2840 pauci
467 2756 602 2840 quidem
620 2756 795 2839 scriptores
818 2754 982 2819 increduli
1007 2756 1102 2818 initio
1120 2777 1185 2818 sae-

68 2851 128 2914 culi
153 2855 275 2919 decimi
300 2855 411 2917 octavi
442 2855 476 2917 in
501 2851 624 2936 Anglia
649 2851 804 2937 operibus
828 2853 992 2937 pestiferis
1023 2852 1186 2918 deismum

66 2958 97 3010 et
119 2951 385 3016 incredulitatem
409 2960 696 3036 propagaverunt,
722 2973 781 3014 sex
797 2953 861 3015 viri
882 2960 992 3014 autem
1008 2952 1187 3036 praecipue

68 3044 125 3110 hae
148 3051 182 3114 in
206 3073 243 3113 re
265 3051 434 3113 funestum
458 3049 623 3112 influxum
655 3071 843 3114 exercuere.
890 3049 1034 3113 Joaouea
1062 3049 1092 3112 T
1089 3047 1187 3112 cloud

66 3145 311 3226 (loto-1722)
336 3169 434 3233 opere
458 3169 516 3211 suo
545 3145 807 3212 Christianismus
830 3148 898 3210 cicc
920 3147 1078 3232 mysteriis
1101 3146 1186 3210 aliis·

67 3263 127 3324 que
143 3247 275 3330 scriptis
290 3247 447 3329 mysteria
463 3245 633 3329 religionis
648 3245 842 3308 naturaliter
858 3243 1056 3328 explicabat,
1073 3245 1187 3326 genui·

67 3341 200 3406 nitatem
211 3343 371 3407 librorum
383 3365 551 3408 sacrorum
567 3344 600 3406 in
613 3342 752 3406 dubium
763 3341 953 3423 revocabat,
971 3342 1187 3405 christianam

67 3438 257 3523 religionem
289 3463 350 3505 ceu
374 3442 628 3526 supersitionem
651 3439 848 3503 traducebat
877 3462 916 3503 ac
940 3439 1186 3524 pantheismum

66 3538 328 3603 commendabat.
361 3540 521 3602 Antonius
533 3536 654 3603 Collina
666 3535 1185 3621 (1676-1722)jurisconsultus,

68 3630 321 3700 libertinismum
345 3638 380 3700 in
403 3659 439 3700 re
458 3636 612 3719 religiosa
634 3635 784 3721 pluribus
800 3634 995 3698 tractatibus
1011 3635 1185 3699 adstruxit.

71 3729 202 3796 Thomas
224 3734 394 3814 Woolstou,
420 3734 558 3798 clericus
574 3733 832 3814 (lece-1731),
857 3734 891 3795 in
907 3735 975 3796 suis
991 3732 1186 3795 tractatibus

68 3825 107 3890 de
123 3831 290 3895 miraculis
305 3830 427 3896 Christi
444 3831 561 3894 eadem
578 3831 745 3894 destruere
762 3840 794 3894 et
809 3830 1027 3893 fundamenta
1040 3829 1187 3894 christia·

69 3927 163 3992 nismi
186 3930 370 3994 convellere
388 3929 564 3994 nitebatur.
604 3929 787 3992 Matthaeus
804 3928 922 3991 Tradat
936 3925 1185 4014 (lece-1733)

68 4021 206 4090 habetur
237 4037 274 4091 ut
304 4027 494 4112 patriarcha
532 4027 648 4090 deismi
680 4027 716 4089 iu
748 4024 888 4108 Anglia3
925 4017 1026 4089 unam
1056 4033 1185 4088 tantum

71 4141 180 4188 voram
204 4125 398 4210 religionem
429 4127 464 4188 in
488 4123 643 4209 operibus
668 4125 735 4186 suis
766 4124 935 4187 adstruere
967 4131 1104 4185 conatus
1128 4130 1185 4204 est,

69 4220 191 4286 scilicet
220 4223 405 4287 naturalem
436 4222 631 4305 religionem
667 4243 724 4284 seu
756 4221 936 4302 deismum,
971 4218 1187 4284 christianam

1210 1273 1342 1313 Incredulo-

1208 1347 1258 1375 rum
1273 1339 1342 1375 secta.
