3020 4908
317 436 372 490 422
508 434 594 492 XLII,
630 435 670 490 Dc
689 439 765 490 statu
783 435 919 490 Ecclesiae
938 450 1006 491 saco.
1025 435 1128 490 decimo
1148 443 1254 494 octavo.

319 581 418 644 1781.
465 579 505 643 In
540 591 608 664 quo
630 577 894 658 Commentario,
929 581 1083 664 quamvis
1107 602 1184 644 eum
1220 580 1428 646 submississet

319 676 492 742 Pontificis
517 677 648 763 judicio
682 699 825 764 eumque
855 677 1014 742 edidisset
1036 679 1199 742 invitatus
1228 688 1265 742 ut
1287 679 1429 742 refutaret

320 775 390 860 ipse
426 796 551 839 errores
580 797 674 858 suos,
714 786 825 840 tamen
861 775 972 842 adhuc
1008 776 1132 842 similes
1169 776 1321 843 latebant
1353 801 1430 863 prae·

319 881 470 957 posterae
495 875 677 938 sententiae
703 873 744 938 de
768 875 964 938 alletoritate
981 875 1019 940 R.
1036 875 1218 940 Pontificio.
1257 873 1430 940 Sententiae

319 969 419 1034 falsas
452 973 581 1035 notavit
613 971 802 1037 Cardinalis
836 971 1004 1037 Gerdilius
1037 974 1072 1037 in
1106 995 1164 1037 suo
1198 961 1373 1059 opusculo:
1402 974 1432 1037 ln

320 1069 573 1132 commentarium
604 1094 625 1133 a
654 1071 786 1135 ¹Iustino
817 1069 974 1135 Autronio
1006 1073 1042 1134 in
1071 1094 1160 1134 auant
1189 1073 1432 1136 retractationem

320 1165 438 1230 editum
469 1166 779 1232 Animadversionea.
827 1169 977 1232 Mortuus
1011 1177 1060 1232 est
1088 1167 1246 1234 Nicolaus
1280 1169 1322 1234 de
1344 1170 1433 1234 Hont-

319 1263 409 1327 heim
444 1263 498 1328 die
530 1266 569 1328 2⁰
603 1264 808 1350 Septembris
840 1289 870 1332 a.
906 1267 992 1331 1790
1027 1288 1130 1352 quum
1163 1269 1348 1352 nonaginta
1377 1267 1433 1330 fere

320 1370 406 1424 esset
429 1363 635 1445 annorum.¹)

409 1478 463 1543 58.
510 1479 660 1542 Maxime
691 1500 751 1563 per
784 1478 941 1544 Febronii
976 1501 1058 1564 opus
1095 1489 1279 1565 provocata
1316 1479 1434 1544 fuerunt

320 1577 489 1639 conamina
520 1575 642 1662 aliquot
672 1578 889 1662 episcoporum
916 1576 1109 1642 Germaniae
1142 1588 1257 1642 contra
1291 1577 1323 1644 S.
1354 1577 1434 1642 Sedis

320 1675 567 1754 auctoritatem,
601 1697 686 1759 quae
709 1677 888 1760 praecipue
912 1677 946 1739 in
972 1673 1026 1740 lite
1051 1676 1089 1740 de
1114 1677 1329 1741 Nuntiaturis
1359 1686 1388 1740 et
1407 1677 1434 1738 in

321 1773 528 1836 Punctatione
551 1773 696 1837 Eusenai
728 1783 963 1858 apparuerunt.
997 1811 1039 1820 -
1072 1773 1127 1837 Ad
1152 1773 1365 1859 expedienda
1392 1795 1434 1836 ne·

319 1871 410 1953 gotia
434 1870 669 1952 ecclesiastica,
695 1870 835 1935 Lutheri
858 1882 891 1935 et
908 1870 1040 1936 Caluini
1066 1870 1193 1935 haeresi
1214 1873 1249 1935 in
1269 1870 1433 1936 Germania

320 1967 501 2053 plurimum
525 1978 640 2051 aucta,
672 1969 814 2033 Romani
838 1969 1017 2034 Pontifices
1041 1969 1171 2034 saeculo
1197 1969 1330 2034 decimo
1354 1977 1430 2033 sexto

321 2066 364 2130 ad
381 2065 481 2130 finem
497 2075 655 2150 vergente
670 2066 813 2132 Nuntios
830 2068 983 2132 Viennae
1000 2067 1125 2150 (1581),
1147 2067 1310 2132 Coloniae
1327 2067 1432 2151 (1583),

319 2164 493 2228 Lacernae
509 2164 633 2247 (1586),
658 2164 824 2229 Bruxellis
841 2165 954 2247 (1597)
978 2164 1097 2251 amplis
1114 2167 1298 2230 instructos
1318 2165 1432 2252 juribus

315 2270 351 2325 et
383 2261 568 2347 privilegiis
601 2265 852 2330 constituerunt.
908 2255 1049 2328 Factum
1083 2274 1133 2328 est
1165 2273 1300 2347 autem,
1336 2264 1381 2328 uti
1408 2263 1432 2324 in

319 2360 418 2425 rebus
442 2361 597 2425 humanis
622 2364 801 2447 contingit,
827 2371 863 2426 ut
886 2371 1060 2448 propterea
1085 2363 1232 2447 episcopi
1260 2362 1303 2426 de
1327 2361 1433 2425 restric-
1487 2423 1488 2456 ³

321 2460 416 2522 tione¹
438 2459 566 2544 jurium
591 2481 725 2524 suorum
757 2470 1047 2545 conquererentur,
1093 2459 1277 2524 Pontifices
1306 2480 1382 2523 vero
1408 2463 1432 2518 ut
1487 2499 1488 2506 1

322 2556 432 2641 aliquo
458 2557 555 2621 modo
580 2560 744 2644 episcopis
767 2560 1004 2640 satisfacerent,
1029 2558 1108 2622 inde
1132 2580 1151 2621 a
1171 2558 1307 2622 saeculo
1326 2557 1428 2622 decimo

330 2657 470 2740 septimo
503 2656 621 2721 iisdem
653 2656 826 2721 facultates
858 2656 923 2721 illis
952 2655 1075 2720 similes
1108 2654 1230 2740 quibus
1253 2656 1373 2720 Nuntii
1401 2653 1431 2714 in·

330 2756 445 2817 structi
469 2763 579 2833 erant,
613 2753 857 2837 concedebant,
893 2777 978 2840 quae
1001 2753 1174 2818 facultates
1204 2749 1432 2841 quinquennale

330 2852 439 2916 dictae
471 2863 563 2936 sunt,
599 2855 678 2940 quia
707 2864 782 2939 post
805 2854 934 2936 singula
958 2855 1187 2938 quinquennia
1217 2851 1330 2916 denuo
1353 2851 1433 2932 impe·

328 2950 467 3016 trandae
500 2961 602 3018 erant.
637 2990 678 3000 —
712 2950 778 3016 Sed
813 2974 900 3016 anno
926 2952 1012 3016 1770
1037 2951 1204 3015 Electores
1237 2945 1433 3014 ecclesiastici

331 3046 545 3132 Coloniensis,
570 3051 786 3135 Moguntinus
810 3059 842 3114 et
864 3051 1072 3114 Trevirensis
1095 3050 1234 3132 triginta
1256 3045 1432 3132 gravamina

329 3158 442 3212 eontra
475 3148 594 3214 Sedem
629 3148 855 3235 Apostolicam
888 3147 1035 3234 Josepho
1065 3148 1098 3211 Π
1131 3147 1330 3232 Imperatori
1361 3140 1432 3206 exhi·

327 3245 486 3330 buerunt,
520 3256 691 3331 rogantes,
728 3257 764 3309 ut
788 3245 898 3310 nullae
928 3246 1086 3331 deinceps
1110 3245 1232 3309 causac
1266 3245 1310 3308 ad
1334 3241 1431 3307 Sedem

325 3344 553 3430 Apostolieam
584 3345 698 3429 ejusve
723 3345 865 3409 Nuntios
898 3344 1119 3425 deferrentur,
1157 3345 1309 3427 quinimo
1339 3355 1432 3404 omues

323 3442 546 3506 Nuntiaturae
570 3441 820 3526 abrogarentur.
867 3442 1016 3526 Agitatio
1041 3441 1124 3506 haec
1141 3441 1326 3505 admodum
1348 3434 1432 3502 crevit

229 3538 233 3548 ’
325 3563 354 3605 a.
381 3539 477 3625 1785,
503 3541 636 3626 quando
661 3541 745 3604 Pius
769 3541 828 3621 VI,
852 3549 985 3626 petente
1010 3538 1128 3604 Oarolo
1146 3539 1323 3602 Theodoro
1345 3535 1430 3599 Bava-

324 3640 393 3701 riae
426 3637 595 3721 Electum,
632 3637 803 3702 Monachii
835 3659 958 3701 novam
991 3637 1229 3702 Nuntiaturam
1263 3635 1378 3711 erexit,
1407 3635 1430 3689 et

324 3738 518 3821 episcopum
543 3737 790 3820 Frisingensem
823 3737 1070 3820 suffraganeum
1102 3734 1331 3820 metropolitae
1353 3728 1429 3793 Salis·

399 3980 419 4046 ¹)
439 3978 495 4032 Cfr.
514 3977 547 4031 de
559 3976 706 4040 ,Febronia
725 3976 829 4029 Hurter
847 3974 1037 4028 Nomenclator
1055 3973 1210 4027 litterarius
1227 3972 1259 4029 -Τ,
1280 3971 1329 4028 111.
1350 3961 1426 4052 11417

325 4076 398 4128 sqq.;
418 4057 566 4126 (1111111,
590 4056 754 4120 Febronius,
778 4054 966 4108 Weihbischof
981 4054 1007 4109 J.
1027 4054 1059 4110 N.
1079 4069 1133 4106 von
1153 4051 1304 4106 Hontheim
1320 4048 1368 4104 und
1383 4056 1426 4128 seut

328 4138 482 4203 Widerruf3
510 4137 593 4191 1119.
621 4135 697 4190 1885.
735 4135 808 4203 Opus
826 4136 876 4189 hoo
904 4134 938 4188 ab
957 4139 1068 4188 auctore
1086 4133 1264 4186 Protestante
1283 4119 1425 4185 animated

324 4218 500 4289 Apostolicee
519 4216 625 4271 infenso
644 4215 824 4284 conscriptum
844 4220 893 4272 est.
