3288 4900
437 517 438 524 κ
492 486 612 542 eonem
629 488 754 556 periodus
773 488 865 544 ania.
1188 489 1240 544 roe
1271 477 1273 482 ’

142 636 169 697 in
187 657 218 697 re
239 632 421 718 theologica
446 631 529 696 bene
553 634 675 696 versati
699 641 818 710 essent,
842 654 924 717 opus
949 642 1019 697 erat
1042 635 1076 696 in
1099 635 1237 698 recenti·
1268 618 1388 737 {inbss‘ffgj

141 730 190 796 bus
210 732 346 816 Legatis
363 730 437 816 plus
460 730 657 816 prudentiae
685 738 718 793 et
742 731 966 815 experientiae
997 729 1106 795 civilis
1137 753 1235 817 quam
1282 709 1373 802 essina.

139 831 286 912 scientiae,
310 841 417 915 atque*
434 828 552 892 ambae
565 827 639 891 bae
664 827 757 893 dotes
782 849 847 892 non
864 829 935 892 sine
951 829 1061 915 aliquo
1079 830 1236 894 scientiae

138 927 244 992 lumine
267 950 327 1012 par
349 926 432 991 illud
457 925 645 1012 praesulum
672 926 885 992 decorabant.

211 1025 279 1092 120.
329 1021 516 1089 Cardinalis
541 1025 766 1109 Lotharingus
797 1026 869 1089 sive
899 1023 1083 1110 cupiditate
1113 1024 1238 1109 gloriae

138 1122 187 1187 sibi
209 1123 460 1209 comparandae,
486 1125 557 1188 sive
573 1123 687 1187 studio
703 1123 904 1187 christianae
918 1122 1121 1207 reipublicae
1134 1125 1239 1208 opitu-

138 1213 211 1285 lardi
243 1221 442 1306 legationem
478 1242 545 1286 non
577 1220 789 1285 mediocriter
818 1230 974 1306 appetere
1006 1220 1150 1285 creditus
1180 1230 1237 1286 est.
1288 1220 1290 1225 ’

138 1318 260 1398 Quando
293 1319 338 1384 ad
361 1340 437 1382 enm
461 1319 579 1383 notitia
610 1319 764 1403 pervenit
788 1316 828 1382 dc
852 1317 926 1382 aliis
949 1317 1084 1402 Legatis
1116 1317 1237 1402 electis,

137 1420 261 1499 graviter
284 1427 485 1503 conquestus
509 1426 558 1481 est
582 1417 622 1480 de
647 1416 756 1499 modo,
788 1438 852 1501 quo
878 1437 955 1500 erga
987 1418 1095 1502 ipsum
1126 1427 1236 1482 actum

135 1516 175 1580 sit.
215 1517 372 1600 Magnam
397 1516 461 1580 sibi
487 1512 594 1579 videri
619 1513 753 1579 dicebat
775 1514 944 1600 injuriam,
969 1514 1057 1599 quod
1072 1514 1236 1596 Pontifex,

135 1614 176 1676 cui
197 1614 290 1698 plane
315 1623 505 1699 compertae
528 1621 623 1676 erant
645 1613 750 1697 ipsius
774 1611 980 1677 conditiones
1001 1621 1034 1674 et
1052 1610 1238 1677 Cardinalis

134 1720 159 1772 et
184 1713 340 1798 principis
371 1725 405 1775 et
435 1711 476 1775 de
499 1709 651 1774 Ecclesia
681 1709 767 1774 bene
791 1709 960 1791 merentis,
990 1710 1138 1772 animum
1171 1732 1236 1774 non

133 1807 300 1874 induxisset
324 1810 367 1874 ad
392 1808 598 1872 offerendum
622 1807 671 1871 illi
686 1807 896 1892 legationem,
920 1828 1020 1892 quam
1037 1808 1108 1871 sine
1124 1808 1236 1891 dnbio,

133 1905 296 1991 inquiebat,
327 1909 398 1992 ipse
421 1915 614 1987 recusasset,
648 1904 736 1969 illius
759 1904 889 1970 oblatae
913 1903 1038 1968 honore
1061 1908 1140 1971 satis
1164 1929 1238 1971 con·

131 2013 233 2071 tentus.
281 2009 393 2090 Atque
417 2005 528 2068 varias
552 2013 585 2068 et
608 2002 808 2090 multiplices
837 2002 970 2088 quidem
996 2003 1177 2069 identidem
1203 2006 1237 2069 in

133 2099 308 2168 Pontificem
335 2112 368 2166 et
386 2102 573 2188 pontificios
586 2100 779 2166 effundebat
794 2099 962 2187 querelas3
986 2111 1132 2166 attamen
1147 2102 1237 2167 iden·

131 2199 216 2264 tidem
248 2203 350 2266 etiam
385 2200 584 2265 demulcitus
617 2210 682 2282 est,
719 2221 821 2286 quum
856 2221 978 2284 magna
1009 2202 1142 2284 negotia
1173 2203 1235 2287 ipsi

130 2301 411 2380 committerentur,
432 2292 648 2384 animumque
667 2298 854 2361 arrotoritati
871 2296 1042 2362 Pontificio
1066 2298 1236 2365 addictum

129 2396 293 2462 universim
328 2396 483 2461 ostendit.
537 2394 593 2460 Sic
623 2395 796 2460 Pontificis
827 2395 1056 2461 auctoritatem
1089 2395 1238 2461 defendit

129 2503 225 2558 contra
255 2497 451 2581 episcopum
491 2494 674 2558 Metensem
719 2492 866 2578 aliosque
913 2492 1080 2578 praesules
1113 2493 1235 2560 Gallos.

130 2587 224 2668 Quum
248 2595 340 2657 enim
364 2593 429 2678 ipsi
453 2593 487 2655 in
505 2591 593 2656 banc
617 2593 848 2655 auctoritatem
873 2590 1138 2676 obloquerentur,
1164 2593 1237 2658 illos

129 2692 326 2772 commonuit,
351 2698 388 2753 ut
411 2691 438 2753 si
453 2688 577 2753 vellent
594 2689 799 2773 pontificiam
815 2697 1010 2773 potestatem
1027 2690 1235 2775 impugnare,

129 2790 263 2853 nuntium
287 2790 381 2874 prius
404 2789 611 2852 remitterent
634 2786 827 2851 sacerdotiis
851 2784 916 2850 sibi
941 2809 961 2849 a
983 2788 1144 2852 Pontifice
1175 2793 1233 2854 im·

130 2887 255 2967 pertitis3
288 2887 440 2972 quisquis
473 2895 584 2949 autem
614 2884 774 2949 adversus
804 2884 1009 2969 pontificiam
1038 2885 1234 2971 dignitatem

131 2986 254 3066 sentiret,
286 2984 382 3049 illum
417 2984 480 3048 sibi
511 3006 578 3048 non
608 2982 811 3047 orthodoxae
835 2981 914 3046 fidei
939 2993 1127 3068 suspectum
1152 3007 1233 3051 esse.

129 3075 207 3146 Tales
229 3092 342 3146 autern
366 3081 563 3166 Lotharingi
588 3081 786 3145 mutationes
811 3079 932 3165 quibus
956 3083 1079 3144 serenis
1108 3083 1232 3166 nubila,

128 3177 300 3267 nobilisque
324 3179 547 3244 succedebant
571 3201 696 3259 serena,
722 3188 792 3241 tum
816 3199 859 3240 ex
874 3176 985 3241 indole
1009 3178 1079 3263 ejus
1103 3190 1135 3244 et
1159 3180 1232 3246 oha-

125 3285 244 3362 ractere,
279 3301 322 3342 ex
346 3277 520 3342 commodo
545 3276 598 3340 vel
622 3275 832 3340 incommodo
857 3277 1000 3360 proprio,
1034 3298 1076 3340 ex
1100 3277 1234 3345 honoris

125 3379 152 3433 ct
169 3378 371 3441 auctoritatis
394 3375 573 3455 desiderio,
608 3374 665 3439 sed
690 3364 769 3437 inde
792 3375 893 3437 etiam
917 3374 1115 3458 repetendae
1139 3388 1233 3440 erant

126 3472 200 3552 quod
222 3476 335 3544 animo
360 3473 531 3538 Ecclesiae
556 3471 654 3537 valde
679 3472 832 3536 addictus
864 3482 959 3537 esset.
1005 3470 1079 3538 Viri
1104 3474 1231 3539 cordati

125 3563 191 3632 dum
221 3583 398 3636 versantur
430 3573 463 3636 in
494 3571 559 3634 hac
588 3572 657 3633 vita
686 3568 825 3650 mortali,
866 3568 1059 3654 plerumque
1094 3573 1233 3636 virtutes

126 3661 235 3733 babent
259 3670 445 3734 defectibus
469 3671 601 3734 mixtas.
613 3669 637 3748 ¹)

202 3770 273 3834 121.
305 3768 441 3833 Praeter
465 3765 678 3831 difficultates
702 3787 787 3850 quae
811 3764 1052 3849 proveniebant
1076 3789 1118 3848 ex
1134 3789 1232 3852 quae-

126 3862 217 3927 stione
246 3867 288 3931 de
311 3866 491 3930 residentia
516 3874 548 3928 et
571 3864 778 3930 institutione
802 3862 1042 3946 episcoporum,
1073 3862 1139 3927 alia
1163 3878 1233 3930 erat

126 3960 250 4027 confinis
285 3963 327 4027 de
362 3964 557 4027 auctoritate
582 3961 722 4026 Romani
754 3959 935 4042 Pontificis,
973 3983 1012 4024 ao
1048 3961 1089 4026 de
1120 3963 1231 4029 verbis

125 4056 232 4137 quibus
254 4061 325 4147 ejus
349 4070 492 4147 potestas
516 4059 737 4124 exhiberetur.
785 4057 917 4121 Etenim
952 4059 987 4122 in
1015 4060 1126 4124 animo
1152 4071 1230 4144 erat,

127 4205 322 4223 ’Ἢ

189 4273 207 4338 ¹)
226 4273 280 4331 (ifr.
300 4273 430 4331 Pallavic.
450 4273 481 4332 L.
501 4273 562 4330 XX.
583 4273 611 4330 O.
631 4271 678 4327 Vl.

1019 4359 1068 4414 11*
