<?xml version="1.0" encoding="UTF-8"?>
<!DOCTYPE html PUBLIC "-//W3C//DTD XHTML 1.0 Transitional//EN"
    "http://www.w3.org/TR/xhtml1/DTD/xhtml1-transitional.dtd">
<html xmlns="http://www.w3.org/1999/xhtml" xml:lang="en" lang="en">
 <head>
  <title>
</title>
<meta http-equiv="Content-Type" content="text/html;charset=utf-8" />
  <meta name='ocr-system' content='tesseract 3.04.00' />
  <meta name='ocr-capabilities' content='ocr_page ocr_carea ocr_par ocr_line ocrx_word'/>
</head>
<body>
  <div class='ocr_page' id='page_1' title='image "./dissertationess03junggoog_0164.png"; bbox 0 0 3288 4900; ppageno 0'>
   <div class='ocr_carea' id='block_1_1' title="bbox 525 407 1267 478">
    <p class='ocr_par' dir='ltr' id='par_1_1' title="bbox 525 407 1267 478">
     <span class='ocr_line' id='line_1_1' title="bbox 525 407 1267 478; baseline -0.004 -14"><span class='ocrx_word' id='word_1_1' title='bbox 525 409 639 464; x_wconf 77' lang='lat' dir='ltr'><strong>Consilii</strong></span> <span class='ocrx_word' id='word_1_2' title='bbox 656 407 781 478; x_wconf 76' lang='lat' dir='ltr'><strong>periodus</strong></span> <span class='ocrx_word' id='word_1_3' title='bbox 800 407 892 463; x_wconf 87' lang='lat' dir='ltr'><strong>tertia.</strong></span> <span class='ocrx_word' id='word_1_4' title='bbox 1218 407 1267 462; x_wconf 75' lang='lat'><strong>151</strong></span> 
     </span>
    </p>
   </div>
   <div class='ocr_carea' id='block_1_2' title="bbox 148 551 1268 638">
    <p class='ocr_par' dir='ltr' id='par_1_2' title="bbox 148 551 1268 638">
     <span class='ocr_line' id='line_1_2' title="bbox 148 551 1268 638; baseline -0.002 -20"><span class='ocrx_word' id='word_1_5' title='bbox 148 556 295 619; x_wconf 68' lang='lat' dir='ltr'><strong>doctrdraa</strong></span> <span class='ocrx_word' id='word_1_6' title='bbox 320 555 358 620; x_wconf 82' lang='lat' dir='ltr'><strong>de</strong></span> <span class='ocrx_word' id='word_1_7' title='bbox 383 553 545 637; x_wconf 74' lang='lat' dir='ltr'><strong>Sooro&#39;flot&#39;o</strong></span> <span class='ocrx_word' id='word_1_8' title='bbox 570 554 690 616; x_wconf 78' lang='lat' dir='ltr'><strong>Missas</strong></span> <span class='ocrx_word' id='word_1_9' title='bbox 723 553 859 616; x_wconf 86' lang='lat' dir='ltr'><strong>delinita</strong></span> <span class='ocrx_word' id='word_1_10' title='bbox 891 561 940 616; x_wconf 90' lang='lat' dir='ltr'><strong>est</strong></span> <span class='ocrx_word' id='word_1_11' title='bbox 973 575 1013 616; x_wconf 90' lang='lat' dir='ltr'><strong>ao</strong></span> <span class='ocrx_word' id='word_1_12' title='bbox 1041 551 1268 638; x_wconf 84' lang='lat' dir='ltr'><strong>promulgata·</strong></span> 
     </span>
    </p>
   </div>
   <div class='ocr_carea' id='block_1_3' title="bbox 1323 551 1399 591">
    <p class='ocr_par' dir='ltr' id='par_1_3' title="bbox 1323 551 1399 591">
     <span class='ocr_line' id='line_1_3' title="bbox 1323 551 1399 591; baseline -0.013 0"><span class='ocrx_word' id='word_1_13' title='bbox 1323 551 1399 591; x_wconf 83' lang='lat' dir='ltr'><strong>Sessio</strong></span> 
     </span>
    </p>
   </div>
   <div class='ocr_carea' id='block_1_4' title="bbox 1261 601 1420 664">
    <p class='ocr_par' dir='ltr' id='par_1_4' title="bbox 1261 601 1420 664">
     <span class='ocr_line' id='line_1_4' title="bbox 1261 601 1420 664; baseline 0.013 -13"><span class='ocrx_word' id='word_1_14' title='bbox 1261 601 1268 634; x_wconf 72' lang='lat' dir='ltr'><strong>l</strong></span> <span class='ocrx_word' id='word_1_15' title='bbox 1300 613 1420 664; x_wconf 72' lang='lat' dir='ltr'><strong>vigesima·</strong></span> 
     </span>
    </p>
   </div>
   <div class='ocr_carea' id='block_1_5' title="bbox 149 649 1411 734">
    <p class='ocr_par' dir='ltr' id='par_1_5' title="bbox 149 649 1411 734">
     <span class='ocr_line' id='line_1_5' title="bbox 149 649 1411 734; baseline 0.001 -19"><span class='ocrx_word' id='word_1_16' title='bbox 149 653 281 718; x_wconf 86' lang='lat' dir='ltr'><strong>decreta</strong></span> <span class='ocrx_word' id='word_1_17' title='bbox 316 653 357 717; x_wconf 90' lang='lat' dir='ltr'><strong>de</strong></span> <span class='ocrx_word' id='word_1_18' title='bbox 390 652 623 716; x_wconf 74' lang='lat' dir='ltr'><strong>reformatione</strong></span> <span class='ocrx_word' id='word_1_19' title='bbox 655 651 834 734; x_wconf 88' lang='lat' dir='ltr'><strong>praecipue</strong></span> <span class='ocrx_word' id='word_1_20' title='bbox 866 649 908 713; x_wconf 90' lang='lat' dir='ltr'><strong>de</strong></span> <span class='ocrx_word' id='word_1_21' title='bbox 933 651 1003 713; x_wconf 89' lang='lat' dir='ltr'><strong>vita</strong></span> <span class='ocrx_word' id='word_1_22' title='bbox 1028 660 1065 724; x_wconf 85' lang='lat' dir='ltr'><strong>et</strong></span> <span class='ocrx_word' id='word_1_23' title='bbox 1098 650 1268 713; x_wconf 81' lang='lat' dir='ltr'><strong>honestate</strong></span> <span class='ocrx_word' id='word_1_24' title='bbox 1305 677 1411 716; x_wconf 68' lang='lat' dir='ltr'><strong>saunas.</strong></span> 
     </span>
    </p>
   </div>
   <div class='ocr_carea' id='block_1_6' title="bbox 147 746 1275 3974">
    <p class='ocr_par' dir='ltr' id='par_1_6' title="bbox 147 746 1273 2791">
     <span class='ocr_line' id='line_1_6' title="bbox 149 746 1268 833; baseline -0.003 -20"><span class='ocrx_word' id='word_1_25' title='bbox 149 750 344 814; x_wconf 90' lang='lat' dir='ltr'><strong>clericorum</strong></span> <span class='ocrx_word' id='word_1_26' title='bbox 369 760 483 833; x_wconf 85' lang='lat' dir='ltr'><strong>agunt.</strong></span> <span class='ocrx_word' id='word_1_27' title='bbox 515 746 600 812; x_wconf 80' lang='lat' dir='ltr'><strong>Oum</strong></span> <span class='ocrx_word' id='word_1_28' title='bbox 623 757 885 833; x_wconf 84' lang='lat' dir='ltr'><strong>proponerentur</strong></span> <span class='ocrx_word' id='word_1_29' title='bbox 901 747 1033 811; x_wconf 90' lang='lat' dir='ltr'><strong>decreta</strong></span> <span class='ocrx_word' id='word_1_30' title='bbox 1050 747 1091 811; x_wconf 92' lang='lat' dir='ltr'><strong>de</strong></span> <span class='ocrx_word' id='word_1_31' title='bbox 1108 748 1268 828; x_wconf 87' lang='lat' dir='ltr'><strong>doctrina,</strong></span> 
     </span>
     <span class='ocr_line' id='line_1_7' title="bbox 147 844 1269 931; baseline -0.001 -21"><span class='ocrx_word' id='word_1_32' title='bbox 147 870 207 912; x_wconf 92' lang='lat' dir='ltr'><strong>non</strong></span> <span class='ocrx_word' id='word_1_33' title='bbox 234 850 368 912; x_wconf 84' lang='lat' dir='ltr'><strong>exstitit</strong></span> <span class='ocrx_word' id='word_1_34' title='bbox 398 870 437 912; x_wconf 87' lang='lat' dir='ltr'><strong>ea</strong></span> <span class='ocrx_word' id='word_1_35' title='bbox 471 846 658 928; x_wconf 88' lang='lat' dir='ltr'><strong>concordia,</strong></span> <span class='ocrx_word' id='word_1_36' title='bbox 690 867 791 931; x_wconf 90' lang='lat' dir='ltr'><strong>quam</strong></span> <span class='ocrx_word' id='word_1_37' title='bbox 815 844 988 910; x_wconf 77' lang='lat' dir='ltr'><strong>Praesides</strong></span> <span class='ocrx_word' id='word_1_38' title='bbox 1020 855 1269 929; x_wconf 80' lang='lat' dir='ltr'><strong>exoptaverant.</strong></span> 
     </span>
     <span class='ocr_line' id='line_1_8' title="bbox 147 937 1272 1032; baseline -0.002 -24"><span class='ocrx_word' id='word_1_39' title='bbox 147 937 391 1030; x_wconf 87' lang='lat' dir='ltr'><strong>Repugnarunt</strong></span> <span class='ocrx_word' id='word_1_40' title='bbox 427 946 564 1032; x_wconf 89' lang='lat' dir='ltr'><strong>quidam</strong></span> <span class='ocrx_word' id='word_1_41' title='bbox 602 943 732 1008; x_wconf 89' lang='lat' dir='ltr'><strong>duobus</strong></span> <span class='ocrx_word' id='word_1_42' title='bbox 772 943 837 1007; x_wconf 90' lang='lat' dir='ltr'><strong>illis</strong></span> <span class='ocrx_word' id='word_1_43' title='bbox 873 942 1031 1024; x_wconf 80' lang='lat' dir='ltr'><strong>articulis,</strong></span> <span class='ocrx_word' id='word_1_44' title='bbox 1070 943 1111 1007; x_wconf 89' lang='lat' dir='ltr'><strong>de</strong></span> <span class='ocrx_word' id='word_1_45' title='bbox 1150 944 1272 1029; x_wconf 89' lang='lat' dir='ltr'><strong>quibus</strong></span> 
     </span>
     <span class='ocr_line' id='line_1_9' title="bbox 147 1040 1271 1128; baseline -0.002 -21"><span class='ocrx_word' id='word_1_46' title='bbox 147 1043 330 1128; x_wconf 90' lang='lat' dir='ltr'><strong>plurimum</strong></span> <span class='ocrx_word' id='word_1_47' title='bbox 355 1046 390 1108; x_wconf 93' lang='lat' dir='ltr'><strong>in</strong></span> <span class='ocrx_word' id='word_1_48' title='bbox 407 1043 556 1107; x_wconf 86' lang='lat' dir='ltr'><strong>coetibus</strong></span> <span class='ocrx_word' id='word_1_49' title='bbox 580 1043 688 1106; x_wconf 88' lang='lat' dir='ltr'><strong>fuerat</strong></span> <span class='ocrx_word' id='word_1_50' title='bbox 712 1042 927 1127; x_wconf 88' lang='lat' dir='ltr'><strong>disputatum,</strong></span> <span class='ocrx_word' id='word_1_51' title='bbox 952 1040 1015 1104; x_wconf 92' lang='lat' dir='ltr'><strong>hoo</strong></span> <span class='ocrx_word' id='word_1_52' title='bbox 1039 1052 1088 1104; x_wconf 92' lang='lat' dir='ltr'><strong>est</strong></span> <span class='ocrx_word' id='word_1_53' title='bbox 1112 1042 1152 1105; x_wconf 91' lang='lat' dir='ltr'><strong>de</strong></span> <span class='ocrx_word' id='word_1_54' title='bbox 1168 1063 1271 1105; x_wconf 87' lang='lat' dir='ltr'><strong>sacer-</strong></span> 
     </span>
     <span class='ocr_line' id='line_1_10' title="bbox 148 1138 1272 1224; baseline -0.001 -20"><span class='ocrx_word' id='word_1_55' title='bbox 148 1141 259 1206; x_wconf 91' lang='lat' dir='ltr'><strong>dotum</strong></span> <span class='ocrx_word' id='word_1_56' title='bbox 295 1143 504 1206; x_wconf 89' lang='lat' dir='ltr'><strong>institutione</strong></span> <span class='ocrx_word' id='word_1_57' title='bbox 536 1143 571 1205; x_wconf 92' lang='lat' dir='ltr'><strong>in</strong></span> <span class='ocrx_word' id='word_1_58' title='bbox 603 1163 715 1220; x_wconf 89' lang='lat' dir='ltr'><strong>coena,</strong></span> <span class='ocrx_word' id='word_1_59' title='bbox 745 1150 778 1204; x_wconf 88' lang='lat' dir='ltr'><strong>et</strong></span> <span class='ocrx_word' id='word_1_60' title='bbox 809 1139 849 1202; x_wconf 91' lang='lat' dir='ltr'><strong>de</strong></span> <span class='ocrx_word' id='word_1_61' title='bbox 874 1138 1129 1224; x_wconf 69' lang='lat' dir='ltr'><strong>oblatione&#39;qua</strong></span> <span class='ocrx_word' id='word_1_62' title='bbox 1154 1139 1199 1203; x_wconf 89' lang='lat' dir='ltr'><strong>ibi</strong></span> <span class='ocrx_word' id='word_1_63' title='bbox 1225 1162 1272 1203; x_wconf 89' lang='lat' dir='ltr'><strong>se-</strong></span> 
     </span>
     <span class='ocr_line' id='line_1_11' title="bbox 149 1235 1272 1323; baseline 0.002 -23"><span class='ocrx_word' id='word_1_64' title='bbox 149 1239 251 1323; x_wconf 88' lang='lat' dir='ltr'><strong>ipsum</strong></span> <span class='ocrx_word' id='word_1_65' title='bbox 280 1239 435 1304; x_wconf 80' lang='lat' dir='ltr'><strong>Christus</strong></span> <span class='ocrx_word' id='word_1_66' title='bbox 466 1238 587 1303; x_wconf 86' lang='lat' dir='ltr'><strong>obtulit</strong></span> <span class='ocrx_word' id='word_1_67' title='bbox 613 1238 715 1302; x_wconf 89' lang='lat' dir='ltr'><strong>Patri.</strong></span> <span class='ocrx_word' id='word_1_68' title='bbox 762 1237 852 1302; x_wconf 90' lang='lat' dir='ltr'><strong>Huic</strong></span> <span class='ocrx_word' id='word_1_69' title='bbox 885 1238 1056 1323; x_wconf 88' lang='lat' dir='ltr'><strong>posteriori</strong></span> <span class='ocrx_word' id='word_1_70' title='bbox 1088 1235 1272 1302; x_wconf 78' lang='lat' dir='ltr'><strong>Guerrerus</strong></span> 
     </span>
     <span class='ocr_line' id='line_1_12' title="bbox 149 1334 1270 1420; baseline 0 -21"><span class='ocrx_word' id='word_1_71' title='bbox 149 1359 180 1400; x_wconf 85' lang='lat' dir='ltr'><strong>oc</strong></span> <span class='ocrx_word' id='word_1_72' title='bbox 204 1338 373 1402; x_wconf 90' lang='lat' dir='ltr'><strong>Divinius</strong></span> <span class='ocrx_word' id='word_1_73' title='bbox 406 1337 476 1419; x_wconf 89' lang='lat' dir='ltr'><strong>soli,</strong></span> <span class='ocrx_word' id='word_1_74' title='bbox 509 1337 567 1400; x_wconf 90' lang='lat' dir='ltr'><strong>sed</strong></span> <span class='ocrx_word' id='word_1_75' title='bbox 598 1359 665 1401; x_wconf 93' lang='lat' dir='ltr'><strong>non</strong></span> <span class='ocrx_word' id='word_1_76' title='bbox 696 1336 799 1400; x_wconf 90' lang='lat' dir='ltr'><strong>iidem</strong></span> <span class='ocrx_word' id='word_1_77' title='bbox 831 1334 892 1399; x_wconf 92' lang='lat' dir='ltr'><strong>soli</strong></span> <span class='ocrx_word' id='word_1_78' title='bbox 922 1337 1024 1420; x_wconf 89' lang='lat' dir='ltr'><strong>priori</strong></span> <span class='ocrx_word' id='word_1_79' title='bbox 1055 1335 1192 1399; x_wconf 88' lang='lat' dir='ltr'><strong>articulo</strong></span> <span class='ocrx_word' id='word_1_80' title='bbox 1225 1359 1270 1399; x_wconf 88' lang='lat' dir='ltr'><strong>re·</strong></span> 
     </span>
     <span class='ocr_line' id='line_1_13' title="bbox 147 1434 1271 1522; baseline 0.001 -23"><span class='ocrx_word' id='word_1_81' title='bbox 147 1449 342 1519; x_wconf 90' lang='lat' dir='ltr'><strong>pugnarunt</strong></span> <span class='ocrx_word' id='word_1_82' title='bbox 365 1438 496 1522; x_wconf 89' lang='lat' dir='ltr'><strong>scriptis</strong></span> <span class='ocrx_word' id='word_1_83' title='bbox 515 1434 692 1518; x_wconf 84' lang='lat' dir='ltr'><strong>schedulis,</strong></span> <span class='ocrx_word' id='word_1_84' title='bbox 718 1456 819 1520; x_wconf 89' lang='lat' dir='ltr'><strong>quum</strong></span> <span class='ocrx_word' id='word_1_85' title='bbox 837 1436 878 1498; x_wconf 92' lang='lat' dir='ltr'><strong>iis</strong></span> <span class='ocrx_word' id='word_1_86' title='bbox 894 1435 1110 1498; x_wconf 78' lang='lat' dir='ltr'><strong>accessissent</strong></span> <span class='ocrx_word' id='word_1_87' title='bbox 1125 1435 1271 1520; x_wconf 91' lang='lat' dir='ltr'><strong>episcopi</strong></span> 
     </span>
     <span class='ocr_line' id='line_1_14' title="bbox 147 1532 1271 1619; baseline 0.001 -25"><span class='ocrx_word' id='word_1_88' title='bbox 147 1532 252 1616; x_wconf 78' lang='lat' dir='ltr'><strong>Aiala,</strong></span> <span class='ocrx_word' id='word_1_89' title='bbox 281 1533 408 1615; x_wconf 70' lang='lat' dir='ltr'><strong>Gadua</strong></span> <span class='ocrx_word' id='word_1_90' title='bbox 435 1535 580 1598; x_wconf 76' lang='lat' dir='ltr'><strong>blancus</strong></span> <span class='ocrx_word' id='word_1_91' title='bbox 597 1544 629 1597; x_wconf 92' lang='lat' dir='ltr'><strong>et</strong></span> <span class='ocrx_word' id='word_1_92' title='bbox 641 1533 778 1597; x_wconf 80' lang='lat' dir='ltr'><strong>Bovius.</strong></span> <span class='ocrx_word' id='word_1_93' title='bbox 802 1534 933 1597; x_wconf 92' lang='lat' dir='ltr'><strong>Priores</strong></span> <span class='ocrx_word' id='word_1_94' title='bbox 948 1541 1090 1618; x_wconf 87' lang='lat' dir='ltr'><strong>quatuor</strong></span> <span class='ocrx_word' id='word_1_95' title='bbox 1111 1541 1271 1619; x_wconf 87' lang='lat' dir='ltr'><strong>tanquam</strong></span> 
     </span>
     <span class='ocr_line' id='line_1_15' title="bbox 148 1627 1272 1717; baseline 0.004 -26"><span class='ocrx_word' id='word_1_96' title='bbox 148 1627 288 1696; x_wconf 89' lang='lat' dir='ltr'><strong>dubium</strong></span> <span class='ocrx_word' id='word_1_97' title='bbox 306 1632 389 1696; x_wconf 88' lang='lat' dir='ltr'><strong>illud</strong></span> <span class='ocrx_word' id='word_1_98' title='bbox 406 1631 583 1716; x_wconf 89' lang='lat' dir='ltr'><strong>multisque</strong></span> <span class='ocrx_word' id='word_1_99' title='bbox 599 1633 745 1716; x_wconf 89' lang='lat' dir='ltr'><strong>antiquis</strong></span> <span class='ocrx_word' id='word_1_100' title='bbox 761 1629 918 1694; x_wconf 88' lang='lat' dir='ltr'><strong>Patribus</strong></span> <span class='ocrx_word' id='word_1_101' title='bbox 937 1633 1138 1694; x_wconf 88' lang='lat' dir='ltr'><strong>contrarium</strong></span> <span class='ocrx_word' id='word_1_102' title='bbox 1154 1633 1272 1717; x_wconf 91' lang='lat' dir='ltr'><strong>impro-</strong></span> 
     </span>
     <span class='ocr_line' id='line_1_16' title="bbox 148 1725 1271 1815; baseline 0.004 -25"><span class='ocrx_word' id='word_1_103' title='bbox 148 1725 285 1811; x_wconf 67' lang='lat' dir='ltr'><strong>barunt,</strong></span> <span class='ocrx_word' id='word_1_104' title='bbox 313 1730 378 1794; x_wconf 91' lang='lat' dir='ltr'><strong>duo</strong></span> <span class='ocrx_word' id='word_1_105' title='bbox 402 1730 559 1815; x_wconf 91' lang='lat' dir='ltr'><strong>postremi</strong></span> <span class='ocrx_word' id='word_1_106' title='bbox 575 1729 805 1792; x_wconf 86' lang='lat' dir='ltr'><strong>tantummodo</strong></span> <span class='ocrx_word' id='word_1_107' title='bbox 820 1738 979 1813; x_wconf 90' lang='lat' dir='ltr'><strong>tanquam</strong></span> <span class='ocrx_word' id='word_1_108' title='bbox 995 1746 1014 1790; x_wconf 85' lang='lat' dir='ltr'><strong>a</strong></span> <span class='ocrx_word' id='word_1_109' title='bbox 1031 1727 1191 1814; x_wconf 87' lang='lat' dir='ltr'><strong>theologis</strong></span> <span class='ocrx_word' id='word_1_110' title='bbox 1206 1753 1271 1794; x_wconf 90' lang='lat' dir='ltr'><strong>non</strong></span> 
     </span>
     <span class='ocr_line' id='line_1_17' title="bbox 147 1825 1271 1912; baseline 0.005 -26"><span class='ocrx_word' id='word_1_111' title='bbox 147 1827 222 1890; x_wconf 88' lang='lat' dir='ltr'><strong>satis</strong></span> <span class='ocrx_word' id='word_1_112' title='bbox 240 1849 440 1912; x_wconf 87' lang='lat' dir='ltr'><strong>expensum.</strong></span> <span class='ocrx_word' id='word_1_113' title='bbox 479 1829 551 1892; x_wconf 88' lang='lat' dir='ltr'><strong>Neo</strong></span> <span class='ocrx_word' id='word_1_114' title='bbox 574 1829 684 1890; x_wconf 87' lang='lat' dir='ltr'><strong>minus</strong></span> <span class='ocrx_word' id='word_1_115' title='bbox 699 1828 840 1912; x_wconf 86' lang='lat' dir='ltr'><strong>perstitit</strong></span> <span class='ocrx_word' id='word_1_116' title='bbox 856 1825 954 1889; x_wconf 89' lang='lat' dir='ltr'><strong>Aiala</strong></span> <span class='ocrx_word' id='word_1_117' title='bbox 975 1828 1008 1890; x_wconf 92' lang='lat' dir='ltr'><strong>in</strong></span> <span class='ocrx_word' id='word_1_118' title='bbox 1025 1849 1084 1890; x_wconf 87' lang='lat' dir='ltr'><strong>sua</strong></span> <span class='ocrx_word' id='word_1_119' title='bbox 1099 1831 1271 1911; x_wconf 90' lang='lat' dir='ltr'><strong>sententia,</strong></span> 
     </span>
     <span class='ocr_line' id='line_1_18' title="bbox 148 1921 1273 2009; baseline 0.006 -25"><span class='ocrx_word' id='word_1_120' title='bbox 148 1921 268 1988; x_wconf 89' lang='lat' dir='ltr'><strong>Missae</strong></span> <span class='ocrx_word' id='word_1_121' title='bbox 308 1926 511 1990; x_wconf 85' lang='lat' dir='ltr'><strong>sacrificium</strong></span> <span class='ocrx_word' id='word_1_122' title='bbox 550 1926 659 1990; x_wconf 85' lang='lat' dir='ltr'><strong>offerri</strong></span> <span class='ocrx_word' id='word_1_123' title='bbox 698 1946 765 1989; x_wconf 90' lang='lat' dir='ltr'><strong>non</strong></span> <span class='ocrx_word' id='word_1_124' title='bbox 802 1946 897 2009; x_wconf 86' lang='lat' dir='ltr'><strong>posse</strong></span> <span class='ocrx_word' id='word_1_125' title='bbox 935 1924 976 1987; x_wconf 91' lang='lat' dir='ltr'><strong>ad</strong></span> <span class='ocrx_word' id='word_1_126' title='bbox 1002 1924 1067 1988; x_wconf 84' lang='lat' dir='ltr'><strong>alia</strong></span> <span class='ocrx_word' id='word_1_127' title='bbox 1090 1923 1273 1991; x_wconf 88' lang='lat' dir='ltr'><strong>obtinenda</strong></span> 
     </span>
     <span class='ocr_line' id='line_1_19' title="bbox 148 2022 1272 2108; baseline 0.004 -24"><span class='ocrx_word' id='word_1_128' title='bbox 148 2022 268 2103; x_wconf 90' lang='lat' dir='ltr'><strong>quibus</strong></span> <span class='ocrx_word' id='word_1_129' title='bbox 294 2023 484 2107; x_wconf 85' lang='lat' dir='ltr'><strong>indigemus</strong></span> <span class='ocrx_word' id='word_1_130' title='bbox 502 2022 1136 2108; x_wconf 84' lang='lat' dir='ltr'><strong>praetersatisfactionempeccatorum,</strong></span> <span class='ocrx_word' id='word_1_131' title='bbox 1162 2047 1272 2089; x_wconf 87' lang='lat' dir='ltr'><strong>oausa-</strong></span> 
     </span>
     <span class='ocr_line' id='line_1_20' title="bbox 147 2119 1272 2207; baseline 0.007 -29"><span class='ocrx_word' id='word_1_132' title='bbox 147 2124 206 2200; x_wconf 88' lang='lat' dir='ltr'><strong>tus,</strong></span> <span class='ocrx_word' id='word_1_133' title='bbox 224 2120 319 2184; x_wconf 89' lang='lat' dir='ltr'><strong>haud</strong></span> <span class='ocrx_word' id='word_1_134' title='bbox 334 2122 481 2207; x_wconf 89' lang='lat' dir='ltr'><strong>reperiri,</strong></span> <span class='ocrx_word' id='word_1_135' title='bbox 508 2119 675 2185; x_wconf 85' lang='lat' dir='ltr'><strong>Christum</strong></span> <span class='ocrx_word' id='word_1_136' title='bbox 693 2142 805 2185; x_wconf 88' lang='lat' dir='ltr'><strong>eorum</strong></span> <span class='ocrx_word' id='word_1_137' title='bbox 825 2143 923 2184; x_wconf 89' lang='lat' dir='ltr'><strong>causa</strong></span> <span class='ocrx_word' id='word_1_138' title='bbox 937 2121 1040 2185; x_wconf 84' lang='lat' dir='ltr'><strong>fuisse</strong></span> <span class='ocrx_word' id='word_1_139' title='bbox 1057 2133 1221 2186; x_wconf 91' lang='lat' dir='ltr'><strong>mortuum</strong></span> <span class='ocrx_word' id='word_1_140' title='bbox 1237 2125 1272 2186; x_wconf 94' lang='lat' dir='ltr'><strong>in</strong></span> 
     </span>
     <span class='ocr_line' id='line_1_21' title="bbox 150 2219 1273 2301; baseline 0.008 -25"><span class='ocrx_word' id='word_1_141' title='bbox 150 2219 312 2282; x_wconf 88' lang='lat' dir='ltr'><strong>sacrificio</strong></span> <span class='ocrx_word' id='word_1_142' title='bbox 345 2221 471 2301; x_wconf 73' lang='lat' dir='ltr'><strong>criseis,</strong></span> <span class='ocrx_word' id='word_1_143' title='bbox 512 2221 566 2283; x_wconf 88' lang='lat' dir='ltr'><strong>oui</strong></span> <span class='ocrx_word' id='word_1_144' title='bbox 606 2220 804 2283; x_wconf 88' lang='lat' dir='ltr'><strong>sacrificium</strong></span> <span class='ocrx_word' id='word_1_145' title='bbox 836 2219 958 2284; x_wconf 88' lang='lat' dir='ltr'><strong>Missae</strong></span> <span class='ocrx_word' id='word_1_146' title='bbox 998 2219 1155 2284; x_wconf 87' lang='lat' dir='ltr'><strong>succedit.</strong></span> <span class='ocrx_word' id='word_1_147' title='bbox 1202 2221 1273 2285; x_wconf 87' lang='lat' dir='ltr'><strong>Nec</strong></span> 
     </span>
     <span class='ocr_line' id='line_1_22' title="bbox 150 2314 1271 2402; baseline 0.006 -27"><span class='ocrx_word' id='word_1_148' title='bbox 150 2314 254 2381; x_wconf 89' lang='lat' dir='ltr'><strong>eidem</strong></span> <span class='ocrx_word' id='word_1_149' title='bbox 298 2319 422 2402; x_wconf 90' lang='lat' dir='ltr'><strong>pariter</strong></span> <span class='ocrx_word' id='word_1_150' title='bbox 457 2316 661 2402; x_wconf 88' lang='lat' dir='ltr'><strong>probabatur</strong></span> <span class='ocrx_word' id='word_1_151' title='bbox 694 2317 770 2397; x_wconf 86' lang='lat' dir='ltr'><strong>dici,</strong></span> <span class='ocrx_word' id='word_1_152' title='bbox 811 2318 846 2380; x_wconf 89' lang='lat' dir='ltr'><strong>in</strong></span> <span class='ocrx_word' id='word_1_153' title='bbox 870 2316 932 2378; x_wconf 92' lang='lat' dir='ltr'><strong>hoc</strong></span> <span class='ocrx_word' id='word_1_154' title='bbox 956 2316 1118 2380; x_wconf 87' lang='lat' dir='ltr'><strong>sacrificio</strong></span> <span class='ocrx_word' id='word_1_155' title='bbox 1158 2319 1271 2402; x_wconf 88' lang='lat' dir='ltr'><strong>perfici</strong></span> 
     </span>
     <span class='ocr_line' id='line_1_23' title="bbox 151 2414 1273 2500; baseline 0.006 -28"><span class='ocrx_word' id='word_1_156' title='bbox 151 2425 268 2478; x_wconf 86' lang='lat' dir='ltr'><strong>cuncta</strong></span> <span class='ocrx_word' id='word_1_157' title='bbox 303 2424 442 2480; x_wconf 89' lang='lat' dir='ltr'><strong>naturae</strong></span> <span class='ocrx_word' id='word_1_158' title='bbox 465 2414 615 2500; x_wconf 89' lang='lat' dir='ltr'><strong>legisque</strong></span> <span class='ocrx_word' id='word_1_159' title='bbox 654 2414 826 2494; x_wconf 83' lang='lat' dir='ltr'><strong>sacrificia,</strong></span> <span class='ocrx_word' id='word_1_160' title='bbox 867 2415 960 2498; x_wconf 88' lang='lat' dir='ltr'><strong>quasi</strong></span> <span class='ocrx_word' id='word_1_161' title='bbox 999 2414 1062 2477; x_wconf 92' lang='lat' dir='ltr'><strong>hoc</strong></span> <span class='ocrx_word' id='word_1_162' title='bbox 1101 2415 1273 2498; x_wconf 86' lang='lat' dir='ltr'><strong>derogaret</strong></span> 
     </span>
     <span class='ocr_line' id='line_1_24' title="bbox 151 2511 1273 2597; baseline 0.005 -25"><span class='ocrx_word' id='word_1_163' title='bbox 151 2514 253 2576; x_wconf 85' lang='lat' dir='ltr'><strong>crucis</strong></span> <span class='ocrx_word' id='word_1_164' title='bbox 280 2512 444 2576; x_wconf 88' lang='lat' dir='ltr'><strong>sacrificio</strong></span> <span class='ocrx_word' id='word_1_165' title='bbox 461 2535 523 2576; x_wconf 91' lang='lat' dir='ltr'><strong>nec</strong></span> <span class='ocrx_word' id='word_1_166' title='bbox 539 2514 640 2576; x_wconf 89' lang='lat' dir='ltr'><strong>sacris</strong></span> <span class='ocrx_word' id='word_1_167' title='bbox 653 2512 787 2576; x_wconf 89' lang='lat' dir='ltr'><strong>Litteris</strong></span> <span class='ocrx_word' id='word_1_168' title='bbox 800 2511 1024 2597; x_wconf 85' lang='lat' dir='ltr'><strong>legitimisque</strong></span> <span class='ocrx_word' id='word_1_169' title='bbox 1038 2513 1273 2578; x_wconf 88' lang='lat' dir='ltr'><strong>traditionibus</strong></span> 
     </span>
     <span class='ocr_line' id='line_1_25' title="bbox 151 2609 1273 2695; baseline 0.008 -27"><span class='ocrx_word' id='word_1_170' title='bbox 151 2610 388 2675; x_wconf 87' lang='lat' dir='ltr'><strong>ostenderetur.</strong></span> <span class='ocrx_word' id='word_1_171' title='bbox 435 2609 504 2673; x_wconf 87' lang='lat' dir='ltr'><strong>Alii</strong></span> <span class='ocrx_word' id='word_1_172' title='bbox 521 2609 732 2693; x_wconf 89' lang='lat' dir='ltr'><strong>dogmatibus</strong></span> <span class='ocrx_word' id='word_1_173' title='bbox 756 2610 919 2695; x_wconf 88' lang='lat' dir='ltr'><strong>quaedam</strong></span> <span class='ocrx_word' id='word_1_174' title='bbox 945 2610 1106 2695; x_wconf 90' lang='lat' dir='ltr'><strong>objecere,</strong></span> <span class='ocrx_word' id='word_1_175' title='bbox 1133 2613 1191 2676; x_wconf 88' lang='lat' dir='ltr'><strong>sed</strong></span> <span class='ocrx_word' id='word_1_176' title='bbox 1216 2615 1273 2677; x_wconf 90' lang='lat' dir='ltr'><strong>rni-</strong></span> 
     </span>
     <span class='ocr_line' id='line_1_26' title="bbox 151 2707 723 2791; baseline 0.012 -25"><span class='ocrx_word' id='word_1_177' title='bbox 151 2708 291 2791; x_wconf 85' lang='lat' dir='ltr'><strong>nutiora,</strong></span> <span class='ocrx_word' id='word_1_178' title='bbox 317 2729 379 2770; x_wconf 88' lang='lat' dir='ltr'><strong>nec</strong></span> <span class='ocrx_word' id='word_1_179' title='bbox 403 2717 587 2772; x_wconf 89' lang='lat' dir='ltr'><strong>memoratu</strong></span> <span class='ocrx_word' id='word_1_180' title='bbox 611 2707 723 2790; x_wconf 89' lang='lat' dir='ltr'><strong>digna.</strong></span> 
     </span>
    </p>

    <p class='ocr_par' dir='ltr' id='par_1_7' title="bbox 153 2805 1275 3974">
     <span class='ocr_line' id='line_1_27' title="bbox 236 2805 1273 2892; baseline 0.003 -22"><span class='ocrx_word' id='word_1_181' title='bbox 236 2805 314 2871; x_wconf 83' lang='lat'><strong>107.</strong></span> <span class='ocrx_word' id='word_1_182' title='bbox 362 2805 464 2870; x_wconf 84' lang='lat' dir='ltr'><strong>Haud</strong></span> <span class='ocrx_word' id='word_1_183' title='bbox 493 2807 634 2889; x_wconf 86' lang='lat' dir='ltr'><strong>exiguus</strong></span> <span class='ocrx_word' id='word_1_184' title='bbox 662 2805 725 2869; x_wconf 86' lang='lat' dir='ltr'><strong>fuit</strong></span> <span class='ocrx_word' id='word_1_185' title='bbox 753 2826 910 2870; x_wconf 92' lang='lat' dir='ltr'><strong>numerus</strong></span> <span class='ocrx_word' id='word_1_186' title='bbox 939 2828 1052 2869; x_wconf 91' lang='lat' dir='ltr'><strong>eorum</strong></span> <span class='ocrx_word' id='word_1_187' title='bbox 1083 2809 1139 2892; x_wconf 92' lang='lat' dir='ltr'><strong>qui</strong></span> <span class='ocrx_word' id='word_1_188' title='bbox 1164 2831 1273 2873; x_wconf 89' lang='lat' dir='ltr'><strong>cense-</strong></span> 
     </span>
     <span class='ocr_line' id='line_1_28' title="bbox 153 2896 1273 2994; baseline 0.009 -33"><span class='ocrx_word' id='word_1_189' title='bbox 153 2896 237 2986; x_wconf 86' lang='lat' dir='ltr'><strong>bant,</strong></span> <span class='ocrx_word' id='word_1_190' title='bbox 265 2905 514 2994; x_wconf 84' lang='lat' dir='ltr'><strong>concessionem</strong></span> <span class='ocrx_word' id='word_1_191' title='bbox 544 2903 656 2968; x_wconf 87' lang='lat' dir='ltr'><strong>calicis</strong></span> <span class='ocrx_word' id='word_1_192' title='bbox 680 2924 746 2966; x_wconf 94' lang='lat' dir='ltr'><strong>non</strong></span> <span class='ocrx_word' id='word_1_193' title='bbox 772 2925 840 2966; x_wconf 86' lang='lat' dir='ltr'><strong>esse</strong></span> <span class='ocrx_word' id='word_1_194' title='bbox 865 2905 899 2968; x_wconf 96' lang='lat' dir='ltr'><strong>in</strong></span> <span class='ocrx_word' id='word_1_195' title='bbox 923 2902 1085 2968; x_wconf 89' lang='lat' dir='ltr'><strong>Pontifioe</strong></span> <span class='ocrx_word' id='word_1_196' title='bbox 1115 2901 1273 2991; x_wconf 83' lang='lat' dir='ltr'><strong>reponen-</strong></span> 
     </span>
     <span class='ocr_line' id='line_1_29' title="bbox 153 2995 1273 3088; baseline 0.009 -29"><span class='ocrx_word' id='word_1_197' title='bbox 153 2995 242 3082; x_wconf 82' lang='lat' dir='ltr'><strong>dam3</strong></span> <span class='ocrx_word' id='word_1_198' title='bbox 276 3000 345 3063; x_wconf 90' lang='lat' dir='ltr'><strong>fere</strong></span> <span class='ocrx_word' id='word_1_199' title='bbox 373 3001 595 3086; x_wconf 87' lang='lat' dir='ltr'><strong>quadraginta</strong></span> <span class='ocrx_word' id='word_1_200' title='bbox 626 3002 715 3065; x_wconf 92' lang='lat' dir='ltr'><strong>enim</strong></span> <span class='ocrx_word' id='word_1_201' title='bbox 746 3001 940 3085; x_wconf 89' lang='lat' dir='ltr'><strong>suffragium</strong></span> <span class='ocrx_word' id='word_1_202' title='bbox 965 3005 1151 3088; x_wconf 89' lang='lat' dir='ltr'><strong>oppositum</strong></span> <span class='ocrx_word' id='word_1_203' title='bbox 1177 3004 1273 3069; x_wconf 90' lang='lat' dir='ltr'><strong>dede-</strong></span> 
     </span>
     <span class='ocr_line' id='line_1_30' title="bbox 153 3098 1272 3186; baseline 0.007 -28"><span class='ocrx_word' id='word_1_204' title='bbox 153 3108 241 3179; x_wconf 84' lang='lat' dir='ltr'><strong>runt3</strong></span> <span class='ocrx_word' id='word_1_205' title='bbox 277 3108 403 3183; x_wconf 89' lang='lat' dir='ltr'><strong>septem</strong></span> <span class='ocrx_word' id='word_1_206' title='bbox 434 3108 545 3164; x_wconf 90' lang='lat' dir='ltr'><strong>tamen</strong></span> <span class='ocrx_word' id='word_1_207' title='bbox 576 3121 643 3163; x_wconf 91' lang='lat' dir='ltr'><strong>non</strong></span> <span class='ocrx_word' id='word_1_208' title='bbox 668 3098 816 3164; x_wconf 89' lang='lat' dir='ltr'><strong>absolute</strong></span> <span class='ocrx_word' id='word_1_209' title='bbox 841 3099 1042 3180; x_wconf 89' lang='lat' dir='ltr'><strong>abnuebant,</strong></span> <span class='ocrx_word' id='word_1_210' title='bbox 1075 3101 1132 3164; x_wconf 90' lang='lat' dir='ltr'><strong>sed</strong></span> <span class='ocrx_word' id='word_1_211' title='bbox 1156 3101 1272 3186; x_wconf 91' lang='lat' dir='ltr'><strong>solum,</strong></span> 
     </span>
     <span class='ocr_line' id='line_1_31' title="bbox 153 3195 1273 3283; baseline 0.008 -28"><span class='ocrx_word' id='word_1_212' title='bbox 153 3213 189 3254; x_wconf 90' lang='lat' dir='ltr'><strong>ne</strong></span> <span class='ocrx_word' id='word_1_213' title='bbox 204 3196 240 3260; x_wconf 90' lang='lat' dir='ltr'><strong>id</strong></span> <span class='ocrx_word' id='word_1_214' title='bbox 257 3214 317 3280; x_wconf 90' lang='lat' dir='ltr'><strong>per</strong></span> <span class='ocrx_word' id='word_1_215' title='bbox 334 3195 501 3260; x_wconf 89' lang='lat' dir='ltr'><strong>decretum</strong></span> <span class='ocrx_word' id='word_1_216' title='bbox 520 3206 727 3277; x_wconf 87' lang='lat' dir='ltr'><strong>statueretur,</strong></span> <span class='ocrx_word' id='word_1_217' title='bbox 752 3197 810 3261; x_wconf 89' lang='lat' dir='ltr'><strong>sed</strong></span> <span class='ocrx_word' id='word_1_218' title='bbox 829 3197 1059 3263; x_wconf 85' lang='lat' dir='ltr'><strong>tantummodo</strong></span> <span class='ocrx_word' id='word_1_219' title='bbox 1075 3219 1134 3283; x_wconf 87' lang='lat' dir='ltr'><strong>per</strong></span> <span class='ocrx_word' id='word_1_220' title='bbox 1148 3198 1273 3264; x_wconf 89' lang='lat' dir='ltr'><strong>litteras</strong></span> 
     </span>
     <span class='ocr_line' id='line_1_32' title="bbox 154 3292 1272 3379; baseline 0.009 -26"><span class='ocrx_word' id='word_1_221' title='bbox 154 3292 344 3371; x_wconf 88' lang='lat' dir='ltr'><strong>peculiares.</strong></span> <span class='ocrx_word' id='word_1_222' title='bbox 389 3293 492 3360; x_wconf 86' lang='lat' dir='ltr'><strong>¹Haec</strong></span> <span class='ocrx_word' id='word_1_223' title='bbox 523 3304 634 3358; x_wconf 88' lang='lat' dir='ltr'><strong>autem</strong></span> <span class='ocrx_word' id='word_1_224' title='bbox 665 3316 923 3360; x_wconf 87' lang='lat' dir='ltr'><strong>commemorare</strong></span> <span class='ocrx_word' id='word_1_225' title='bbox 963 3296 1042 3367; x_wconf 86' lang='lat' dir='ltr'><strong>utile</strong></span> <span class='ocrx_word' id='word_1_226' title='bbox 1074 3299 1181 3361; x_wconf 88' lang='lat' dir='ltr'><strong>visum</strong></span> <span class='ocrx_word' id='word_1_227' title='bbox 1214 3309 1272 3379; x_wconf 90' lang='lat' dir='ltr'><strong>est,</strong></span> 
     </span>
     <span class='ocr_line' id='line_1_33' title="bbox 153 3393 1272 3478; baseline 0.011 -30"><span class='ocrx_word' id='word_1_228' title='bbox 153 3397 186 3450; x_wconf 86' lang='lat' dir='ltr'><strong>ut</strong></span> <span class='ocrx_word' id='word_1_229' title='bbox 214 3401 393 3476; x_wconf 85' lang='lat' dir='ltr'><strong>appareat,</strong></span> <span class='ocrx_word' id='word_1_230' title='bbox 434 3394 533 3456; x_wconf 91' lang='lat' dir='ltr'><strong>etiam</strong></span> <span class='ocrx_word' id='word_1_231' title='bbox 569 3393 603 3456; x_wconf 91' lang='lat' dir='ltr'><strong>in</strong></span> <span class='ocrx_word' id='word_1_232' title='bbox 641 3393 891 3478; x_wconf 86' lang='lat' dir='ltr'><strong>quaestionibus</strong></span> <span class='ocrx_word' id='word_1_233' title='bbox 931 3394 1064 3478; x_wconf 91' lang='lat' dir='ltr'><strong>majoris</strong></span> <span class='ocrx_word' id='word_1_234' title='bbox 1104 3397 1272 3477; x_wconf 83' lang='lat' dir='ltr'><strong>mor&#39;neuti,</strong></span> 
     </span>
     <span class='ocr_line' id='line_1_34' title="bbox 155 3483 1274 3577; baseline 0.01 -30"><span class='ocrx_word' id='word_1_235' title='bbox 155 3483 373 3553; x_wconf 88' lang='lat' dir='ltr'><strong>dissensiones</strong></span> <span class='ocrx_word' id='word_1_236' title='bbox 411 3491 496 3555; x_wconf 89' lang='lat' dir='ltr'><strong>inter</strong></span> <span class='ocrx_word' id='word_1_237' title='bbox 533 3490 649 3554; x_wconf 89' lang='lat' dir='ltr'><strong>Patres</strong></span> <span class='ocrx_word' id='word_1_238' title='bbox 686 3513 925 3577; x_wconf 89' lang='lat' dir='ltr'><strong>nonnunquam</strong></span> <span class='ocrx_word' id='word_1_239' title='bbox 961 3493 1115 3558; x_wconf 85' lang='lat' dir='ltr'><strong>adfuisse.</strong></span> <span class='ocrx_word' id='word_1_240' title='bbox 1131 3494 1154 3574; x_wconf 87' lang='lat'><strong>1)</strong></span> <span class='ocrx_word' id='word_1_241' title='bbox 1210 3494 1274 3558; x_wconf 89' lang='lat' dir='ltr'><strong>Per</strong></span> 
     </span>
     <span class='ocr_line' id='line_1_35' title="bbox 154 3586 1272 3674; baseline 0.01 -27"><span class='ocrx_word' id='word_1_242' title='bbox 154 3595 352 3663; x_wconf 88' lang='lat' dir='ltr'><strong>postremum</strong></span> <span class='ocrx_word' id='word_1_243' title='bbox 374 3586 543 3653; x_wconf 88' lang='lat' dir='ltr'><strong>decretum</strong></span> <span class='ocrx_word' id='word_1_244' title='bbox 567 3591 722 3654; x_wconf 87' lang='lat' dir='ltr'><strong>sessionis</strong></span> <span class='ocrx_word' id='word_1_245' title='bbox 746 3591 927 3674; x_wconf 81' lang='lat' dir='ltr'><strong>vigesimae</strong></span> <span class='ocrx_word' id='word_1_246' title='bbox 942 3591 1108 3656; x_wconf 87' lang='lat' dir='ltr'><strong>secundae</strong></span> <span class='ocrx_word' id='word_1_247' title='bbox 1131 3592 1272 3658; x_wconf 86' lang='lat' dir='ltr'><strong>destina-</strong></span> 
     </span>
     <span class='ocr_line' id='line_1_36' title="bbox 155 3675 1275 3774; baseline 0.013 -34"><span class='ocrx_word' id='word_1_248' title='bbox 155 3675 247 3748; x_wconf 91' lang='lat' dir='ltr'><strong>batur</strong></span> <span class='ocrx_word' id='word_1_249' title='bbox 271 3705 330 3768; x_wconf 88' lang='lat' dir='ltr'><strong>pro</strong></span> <span class='ocrx_word' id='word_1_250' title='bbox 356 3707 445 3750; x_wconf 91' lang='lat' dir='ltr'><strong>more</strong></span> <span class='ocrx_word' id='word_1_251' title='bbox 470 3686 541 3750; x_wconf 88' lang='lat' dir='ltr'><strong>dies</strong></span> <span class='ocrx_word' id='word_1_252' title='bbox 564 3686 696 3752; x_wconf 87' lang='lat' dir='ltr'><strong>futurae</strong></span> <span class='ocrx_word' id='word_1_253' title='bbox 720 3690 884 3771; x_wconf 90' lang='lat' dir='ltr'><strong>sessionis,</strong></span> <span class='ocrx_word' id='word_1_254' title='bbox 917 3710 1001 3774; x_wconf 89' lang='lat' dir='ltr'><strong>quae</strong></span> <span class='ocrx_word' id='word_1_255' title='bbox 1025 3687 1181 3753; x_wconf 88' lang='lat' dir='ltr'><strong>habenda</strong></span> <span class='ocrx_word' id='word_1_256' title='bbox 1204 3701 1275 3754; x_wconf 90' lang='lat' dir='ltr'><strong>erat</strong></span> 
     </span>
     <span class='ocr_line' id='line_1_37' title="bbox 156 3777 1272 3871; baseline 0.012 -31"><span class='ocrx_word' id='word_1_257' title='bbox 156 3777 191 3842; x_wconf 89' lang='lat' dir='ltr'><strong>de</strong></span> <span class='ocrx_word' id='word_1_258' title='bbox 221 3779 350 3847; x_wconf 90' lang='lat' dir='ltr'><strong>Ordine</strong></span> <span class='ocrx_word' id='word_1_259' title='bbox 386 3805 426 3846; x_wconf 89' lang='lat' dir='ltr'><strong>ao</strong></span> <span class='ocrx_word' id='word_1_260' title='bbox 457 3783 688 3869; x_wconf 84' lang='lat' dir='ltr'><strong>Matrimonia,</strong></span> <span class='ocrx_word' id='word_1_261' title='bbox 726 3786 923 3850; x_wconf 85' lang='lat' dir='ltr'><strong>duodecima</strong></span> <span class='ocrx_word' id='word_1_262' title='bbox 955 3788 1024 3852; x_wconf 91' lang='lat' dir='ltr'><strong>dies</strong></span> <span class='ocrx_word' id='word_1_263' title='bbox 1061 3788 1272 3871; x_wconf 89' lang='lat' dir='ltr'><strong>Novembris,</strong></span> 
     </span>
     <span class='ocr_line' id='line_1_38' title="bbox 156 3878 1272 3974; baseline 0.011 -35"><span class='ocrx_word' id='word_1_264' title='bbox 156 3878 237 3957; x_wconf 90' lang='lat' dir='ltr'><strong>quod</strong></span> <span class='ocrx_word' id='word_1_265' title='bbox 264 3880 674 3968; x_wconf 71' lang='lat' dir='ltr'><strong>concorditer&#39;exceptum</strong></span> <span class='ocrx_word' id='word_1_266' title='bbox 698 3894 755 3950; x_wconf 90' lang='lat' dir='ltr'><strong>est.</strong></span> <span class='ocrx_word' id='word_1_267' title='bbox 789 3883 853 3948; x_wconf 84' lang='lat' dir='ltr'><strong>Sed</strong></span> <span class='ocrx_word' id='word_1_268' title='bbox 878 3884 940 3974; x_wconf 84' lang='lat' dir='ltr'><strong>hoc</strong></span> <span class='ocrx_word' id='word_1_269' title='bbox 965 3885 1134 3950; x_wconf 88' lang='lat' dir='ltr'><strong>decretum</strong></span> <span class='ocrx_word' id='word_1_270' title='bbox 1159 3888 1272 3951; x_wconf 89' lang='lat' dir='ltr'><strong>suffra·</strong></span> 
     </span>
    </p>
   </div>
   <div class='ocr_carea' id='block_1_7' title="bbox 157 4028 364 4040">
    <p class='ocr_par' dir='ltr' id='par_1_8' title="bbox 157 4028 364 4040">
     <span class='ocr_line' id='line_1_39' title="bbox 157 4028 364 4040; baseline 0 0"><span class='ocrx_word' id='word_1_271' title='bbox 157 4028 364 4040; x_wconf 43' lang='lat' dir='ltr'>*nb——</span> 
     </span>
    </p>
   </div>
   <div class='ocr_carea' id='block_1_8' title="bbox 155 4107 1273 4242">
    <p class='ocr_par' dir='ltr' id='par_1_9' title="bbox 155 4107 1273 4242">
     <span class='ocr_line' id='line_1_40' title="bbox 155 4107 1273 4242; baseline 0.008 -79"><span class='ocrx_word' id='word_1_272' title='bbox 155 4184 200 4240; x_wconf 60' lang='lat'><strong>131</strong></span> <span class='ocrx_word' id='word_1_273' title='bbox 224 4107 321 4242; x_wconf 59' lang='lat' dir='ltr'><strong>¹ll3gfr.</strong></span> <span class='ocrx_word' id='word_1_274' title='bbox 341 4109 507 4166; x_wconf 81' lang='lat' dir='ltr'><strong>Pallavicini</strong></span> <span class='ocrx_word' id='word_1_275' title='bbox 525 4112 557 4168; x_wconf 86' lang='lat' dir='ltr'><strong>L.</strong></span> <span class='ocrx_word' id='word_1_276' title='bbox 576 4113 679 4168; x_wconf 87' lang='lat' dir='ltr'><strong>XVIII.</strong></span> <span class='ocrx_word' id='word_1_277' title='bbox 699 4114 727 4168; x_wconf 81' lang='lat' dir='ltr'><strong>O.</strong></span> <span class='ocrx_word' id='word_1_278' title='bbox 740 4114 804 4182; x_wconf 86' lang='lat' dir='ltr'><strong>IX.;</strong></span> <span class='ocrx_word' id='word_1_279' title='bbox 824 4115 941 4169; x_wconf 81' lang='lat' dir='ltr'><strong>Theiner</strong></span> <span class='ocrx_word' id='word_1_280' title='bbox 959 4117 1030 4170; x_wconf 86' lang='lat' dir='ltr'><strong>Acta</strong></span> <span class='ocrx_word' id='word_1_281' title='bbox 1048 4116 1127 4172; x_wconf 80' lang='lat' dir='ltr'><strong>Cone.</strong></span> <span class='ocrx_word' id='word_1_282' title='bbox 1140 4116 1215 4174; x_wconf 85' lang='lat' dir='ltr'><strong>Trid.</strong></span> <span class='ocrx_word' id='word_1_283' title='bbox 1234 4118 1273 4175; x_wconf 91' lang='lat' dir='ltr'><strong>Il.</strong></span> 
     </span>
    </p>
   </div>
   <div class='ocr_carea' id='block_1_9' title="bbox 0 0 1655 4900">
    <p class='ocr_par' dir='ltr' id='par_1_10' title="bbox 0 0 1655 4900">
     <span class='ocr_line' id='line_1_41' title="bbox 0 0 1655 4900; baseline 0 0"><span class='ocrx_word' id='word_1_284' title='bbox 0 0 1655 4900; x_wconf 95' lang='lat' dir='ltr'><strong> </strong></span> 
     </span>
    </p>
   </div>
  </div>
 </body>
</html>
