3336 4908
268 466 309 519 De
327 463 551 520 condemnatione
570 464 689 531 qunque
707 462 927 532 propositionum.
1108 462 1158 518 261

56 608 256 691 habebantur,
282 619 314 673 et
330 632 355 674 s.
372 609 571 673 Vincentius
594 631 614 672 a
630 607 743 673 Paulo.
785 607 918 671 Dicitur
941 607 976 670 in
996 605 1160 691 ejusmodi
1197 602 1308 704 {ml

55 706 176 791 epistola
201 709 286 771 inter
309 706 389 771 alia:
417 706 579 792 ,Majores
603 728 720 769 causas
743 704 786 769 ad
799 703 920 769 Sedem
933 703 1159 789 Apostolicam
1291 691 1298 703 ⁶

53 803 160 867 referre
182 803 337 869 solemnis
361 803 530 869 Ecclesiae
555 825 625 867 mos
649 814 708 882 est,
733 824 831 888 quem
856 802 938 866 fides
961 802 1050 867 Petri
1076 823 1156 867 nun·

52 923 138 985 quam
162 902 319 966 deficiens
342 912 501 988 perpetuo
525 903 659 967 retineri
683 923 742 986 pro
761 901 837 987 jure
854 922 911 964 suo
927 899 1080 986 postulat.
1097 948 1105 965 .
1123 948 1157 965 ..

52 996 247 1064 Decennium
264 1010 322 1082 est,
348 1022 390 1063 ex
403 1022 467 1086 quo
482 999 783 1064 vehementissimis
795 998 901 1062 turbis
911 997 1021 1063 Gallia
1037 1019 1157 1080 magno

52 1106 146 1160 nostro
188 1120 334 1162 moerore
374 1108 611 1178 commovetur,
650 1097 691 1162 ob
726 1096 847 1161 librum
881 1097 1095 1182 posthumum
1128 1104 1160 1158 et

50 1192 222 1258 doctrinam
252 1195 325 1258 Rmi
359 1194 456 1262 Corn.
491 1196 643 1260 Jansenii
676 1196 821 1282 Iprensis
854 1196 1010 1279 episcopi.
1063 1193 1160 1257 Tales

49 1291 170 1375 quidem
204 1302 312 1357 motus
345 1294 452 1357 sedari
485 1293 669 1379 oportebat,
703 1301 773 1357 tum
805 1290 946 1357 Consilii
970 1291 1159 1355 Tridentini

50 1391 244 1471 auctoritate,
270 1402 340 1455 tum
365 1391 480 1455 Bullae
503 1388 593 1455 'illius
619 1413 685 1476 qua
702 1390 857 1455 Urbanus
873 1389 958 1453 VIII
981 1389 1034 1452 fel.
1060 1410 1157 1452 mem.

47 1483 196 1552 adversus
213 1488 365 1553 Jansenii
391 1490 546 1574 dogmata
571 1491 808 1574 pronuntiavit,
834 1498 866 1551 et
883 1487 1014 1551 decreta
1031 1510 1055 1552 s.
1067 1486 1158 1550 PiiV

47 1603 79 1643 ac
93 1580 244 1669 Gregorii
261 1586 346 1651 XIII
371 1589 405 1650 in
421 1587 542 1673 Bajum
567 1587 656 1651 edita
680 1587 899 1651 confirmavit.
933 1585 1043 1670 Atque
1060 1584 1159 1669 hujus

47 1681 169 1763 quidem
194 1683 312 1748 Bullae
344 1686 517 1748 veritatem
542 1706 581 1748 ae
605 1683 707 1748 robur
729 1706 815 1748 novo
848 1684 1027 1768 diplomate
1052 1682 1158 1746 vindi·

48 1781 133 1862 casti3
170 1781 229 1845 sed
257 1784 336 1868 quia
371 1781 452 1846 nulli
489 1782 683 1867 singillatim
709 1784 925 1868 propositioni
961 1792 1050 1845 certa
1086 1802 1158 1843 cen-

46 1897 129 1940 surae
153 1890 233 1943 nota
257 1882 367 1945 inusta
391 1882 463 1956 fuit,
488 1881 581 1946 locus
605 1884 787 1945 etiamnum
805 1880 1158 1967 aliquisquorumdam

47 1974 162 2039 cavillis
187 1989 221 2040 et
244 1980 366 2062 effugio
391 1977 523 2043 relictus
547 1988 605 2044 est.
652 1977 947 2043 Intercludendum
970 1989 1079 2042 autem
1105 2000 1158 2063 pe·

46 2072 123 2136 nitus
147 2097 329 2159 speramus,
363 2078 399 2159 si,
432 2086 469 2139 ut
492 2098 677 2162 precamur,
703 2076 869 2141 Sanctitas
892 2077 966 2140 Tua
990 2075 1071 2162 quid
1095 2075 1158 2139 hac

45 2169 73 2232 in
87 2194 119 2235 re
135 2175 348 2239 sentiendum
362 2176 413 2257 sit,
439 2175 526 2240 clare
538 2175 760 2260 distincteque
772 2175 919 2240 definiet.
944 2173 1159 2240 Obtestamur

44 2287 120 2351 erge,
147 2281 182 2335 ut
196 2271 257 2335 has
280 2274 738 2358 praesertimpropositiones,
763 2273 938 2359 dequibus
961 2273 1157 2358 disceptatio

44 2368 251 2448 periculosior
281 2392 320 2434 ac
354 2374 520 2437 contentio
553 2371 722 2435 ardentior
755 2380 812 2452 est,
844 2372 1009 2437 Sanctitas
1038 2371 1157 2435 Vestra

44 2466 213 2548 expendat,
239 2477 272 2530 et
295 2471 504 2553 perspicuam
529 2491 568 2532 ac
593 2477 716 2532 certam
741 2468 782 2532 de
806 2491 1006 2558 unaquaque
1030 2480 1157 2535 senten·
1186 2548 1187 2551 Ἴ

44 2561 112 2626 tiam
136 2564 288 2643 ferat.“¹)
335 2567 423 2630 Dein
447 2569 596 2652 quinque
619 2577 713 2630 notas
736 2567 889 2633 lansenii
917 2569 1158 2654 propositiones

43 2657 227 2744 subjiciunt.
257 2662 361 2728 Vides
377 2674 499 2744 autem,
515 2666 594 2729 inde
610 2665 652 2730 ab
670 2667 765 2731 initio
782 2687 838 2730 eas
853 2669 1037 2753 propositas
1054 2667 1154 2731 fuisse

44 2765 73 2816 ut
93 2757 279 2829 doctrinam
305 2763 456 2827 Jansenii
481 2765 714 2848 exprimentes.

121 2858 176 2921 39.
230 2859 380 2924 Undecim
409 2873 513 2925 tamen
536 2862 689 2948 Episcopi
717 2859 847 2925 Galliae
878 2861 963 2926 datis
994 2861 1036 2925 ad
1060 2862 1157 2928 Inno-

42 2955 180 3018 centium
212 2955 329 3020 litteris
360 2958 579 3040 declararunt,
612 2960 675 3022 sibi
709 2959 839 3022 illorum
864 2959 1053 3044 praesulum
1078 2961 1157 3044 peti·

41 3048 157 3115 tionem
182 3075 249 3118 non
266 3055 409 3139 probari.
442 3058 805 3143 Intempestivum'esse
829 3057 991 3142 ejusmodi
1016 3079 1157 3120 examen

41 3146 206 3214 instituere
231 3161 263 3214 et
285 3153 399 3217 turbas
424 3156 527 3237 ciere3
559 3177 602 3219 ex
625 3154 865 3218 consuetudine
889 3157 988 3219 etiam
1013 3158 1156 3240 primum

41 3244 77 3329 ad
100 3249 190 3334 ipsos
215 3248 343 3316 Galliae
375 3255 546 3339 episcopos
579 3276 648 3317 rem
680 3255 887 3318 referendam
912 3275 991 3317 esse.
1038 3254 1157 3337 Propo·

40 3344 169 3410 sitiones
195 3347 267 3412 illas
290 3350 332 3414 ad
356 3350 486 3415 libitum
513 3374 584 3415 esse
608 3352 765 3416 confictas
781 3362 813 3416 et
827 3351 993 3434 ambiguis
1018 3349 1158 3415 vocibus

41 3446 261 3528 concinnatas,
295 3447 374 3512 hinc
407 3471 548 3512 examen
576 3450 764 3534 jurgiorum
789 3458 821 3513 et
845 3449 1057 3513 dissidiorum
1089 3448 1157 3511 fore

39 3544 260 3625 occasionem
293 3556 328 3609 ut
357 3568 435 3610 vero
461 3548 609 3611 definitio
634 3548 745 3634 aliqua
770 3550 894 3613 Romae
922 3551 1071 3628 ferretur,
1104 3571 1156 3612 ne·

40 3642 216 3704 cessarium
254 3666 335 3726 esse,
374 3641 655 3730 Congregationes
694 3648 875 3728 instituere,
914 3649 960 3709 uti
1001 3647 1061 3711 sub
1088 3646 1158 3711 Cle-

39 3747 144 3801 mente
169 3738 254 3803 VIII
285 3752 317 3805 et
347 3741 449 3807 Paulo
474 3743 504 3806 V
539 3744 579 3807 de
603 3743 750 3808 Auxiliis
780 3746 950 3809 institutae
979 3756 1086 3825 erant,
1123 3747 1157 3808 iu

39 3835 156 3915 quibus
180 3837 323 3924 theologi
348 3863 390 3903 ex
415 3850 553 3927 utraque
578 3853 669 3927 parte
687 3843 902 3928 disputarent.
928 3845 1029 3907 Istam
1047 3853 1157 3907 autem

40 3951 101 3996 non
116 3935 224 3999 videri
241 3948 384 4001 mentem
409 3937 540 4003 illorum
565 3942 806 4025 episcoporum,
831 3943 887 4026 qui
905 3940 951 4004 ad.
960 3941 1156 4005 Pontificem

40 4035 275 4115 propositiones
300 4035 502 4101 deferebant.

44 4170 246 4185 Ἣ*

110 4244 131 4314 ¹)
150 4246 183 4302 V.
202 4246 337 4313 Tournely
356 4248 388 4301 de
408 4246 505 4301 Gratia
523 4248 553 4302 Τ.
575 4249 596 4303 Ι.
617 4249 656 4302 De
673 4249 852 4315 Jensenismo,
870 4249 979 4317 Epoohe
998 4251 1019 4303 I.
