2964 4912
313 465 367 518 322
568 462 639 517 XLI.
676 462 716 516 De
734 461 923 556 Deeleretione
943 462 1014 517 Cleri
1033 462 1176 521 Gallicani.

313 607 502 688 nobilitate,
535 605 653 691 opibus
677 614 735 669 aut
764 604 898 690 publico
923 628 1059 670 munere
1090 610 1125 672 in
1148 608 1225 672 aula
1255 609 1415 694 plurimum

312 704 456 769 valebat.
502 704 554 767 Ita
588 703 705 780 fiebat,
741 712 778 766 ut
801 702 938 767 eaedem
971 704 1117 769 familiae
1141 728 1288 771 summos
1319 717 1350 770 et
1369 710 1416 771 rei·

311 802 468 888 publicae
502 811 535 866 et
567 800 738 865 Ecclesiae
773 803 986 886 magistratus
1020 802 1300 888 adipiscerentur,
1334 815 1417 892 atque

311 901 395 984 regii
419 900 561 963 ministri
585 901 670 962 inter
694 899 866 984 episcopos
888 899 987 964 facile
1011 902 1211 984 invenirent,
1236 904 1294 988 qui
1310 906 1419 988 coeptis

312 1001 381 1062 suis
412 1007 525 1062 contra
548 995 775 1081 Apostolicam
799 995 920 1061 Sedem
943 998 1220 1085 suffragarentur,
1257 1009 1290 1064 et
1317 1000 1420 1066 servile

312 1096 393 1161 illud
413 1095 532 1179 jugum
557 1093 645 1179 quod
669 1094 842 1158 Ecclesiae
866 1093 995 1159 Galliae
1019 1095 1202 1182 parabatur
1224 1099 1301 1162 forti
1324 1101 1419 1162 anino

312 1192 470 1280 repellere
494 1215 559 1257 non
583 1191 753 1258 auderent.

403 1290 454 1356 15.
491 1289 602 1377 Atque
616 1289 764 1354 hocloco
782 1301 967 1376 opportune
981 1292 1318 1358 animadvertendum
1332 1296 1420 1374 venit,
1469 1293 1470 1320 l

312 1389 520 1455 Gallicanam
545 1387 681 1473 quidem
700 1387 885 1452 Ecclesiam
911 1388 1041 1453 saeculo
1067 1390 1337 1476 decimoseptimo
1360 1392 1420 1455 doc·

311 1490 399 1556 trina
431 1496 463 1550 et
486 1487 608 1571 pietate
642 1488 788 1550 maxime
812 1487 989 1569 effulsisse,
1027 1489 1074 1551 ita
1097 1499 1134 1552 ut
1167 1488 1255 1553 mala
1279 1491 1420 1554 intestina

310 1586 375 1650 hac
399 1586 530 1648 virtutis
555 1593 586 1648 et
609 1584 794 1669 splendoris
818 1585 1026 1650 abundantia
1049 1594 1107 1650 aut
1131 1607 1253 1670 magna
1278 1610 1319 1650 ex
1341 1596 1422 1672 parte

310 1685 567 1771 reprimerentur
605 1691 664 1747 aut
696 1682 960 1748 obscurarentur.
1017 1682 1176 1747 Attamen
1219 1684 1318 1749 valde
1350 1686 1421 1770 peri-

311 1781 423 1847 culosa
455 1788 525 1844 erat
555 1779 613 1844 illa
642 1780 780 1845 ambitio
813 1789 846 1844 et
876 1779 1007 1866 cupido,
1040 1803 1105 1866 qua
1138 1783 1232 1866 regni
1258 1785 1421 1868 optimates

311 1891 344 1945 et
365 1901 517 1966 proceres
547 1877 785 1942 beneficiorum
809 1879 1107 1943 ecclesiasticorum
1133 1878 1302 1945 collationi
1330 1903 1361 1944 se
1385 1880 1422 1942 in·

309 1977 472 2064 gerebant
494 1997 674 2061 eorumque
696 1978 894 2060 possessioni
910 1976 1096 2061 inhiabant,
1122 1986 1221 2063 atque
1238 1977 1321 2043 haec
1334 1980 1422 2063 pestis

311 2075 475 2162 quaedam
507 2073 636 2138 occulta
665 2084 736 2138 erat
766 2076 801 2137 in
825 2076 901 2138 sinu
932 2074 1021 2138 illius
1044 2077 1199 2139 nationis.
1247 2076 1316 2139 Vix
1345 2077 1421 2139 enin

310 2173 493 2260 quidquam
509 2171 680 2236 Ecclesiae
704 2172 776 2235 fieri
800 2180 908 2256 potest
922 2174 1152 2258 perniciosius,
1178 2175 1320 2258 quamsi
1336 2172 1422 2258 hujus

311 2272 446 2336 divinae
471 2271 636 2334 societatis
660 2269 839 2352 dignitates
864 2280 896 2334 et
919 2269 1083 2334 beneficia
1106 2292 1173 2335 non
1196 2295 1255 2358 pro
1276 2273 1421 2358 cujusque

310 2371 437 2449 merito,
462 2367 622 2449 doctrina,
647 2368 770 2430 virtute
793 2367 995 2448 tribuuntur,
1020 2367 1078 2432 sed
1099 2378 1259 2455 tanquam
1284 2370 1421 2434 fortunae

310 2468 458 2553 praemia
490 2467 713 2552 pergratiam
737 2481 795 2530 aut
818 2468 1018 2551 potentiam,
1055 2489 1097 2530 ne
1121 2467 1232 2532 dicam
1256 2490 1316 2553 per
1339 2470 1420 2532 simo·

309 2567 424 2630 niacas
447 2573 543 2645 artes,
568 2572 783 2649 occupantur.
829 2564 945 2649 Neque
973 2586 1037 2627 uno
1063 2587 1161 2650 saepe
1185 2567 1341 2651 quamvis
1363 2567 1419 2650 pin·

308 2665 467 2748 guissimo
498 2662 660 2726 beneficio
686 2660 883 2747 explebatur
906 2661 1091 2746 cupiditas,
1122 2662 1179 2726 sed
1203 2662 1300 2747 plura
1324 2685 1420 2728 cumu·

308 2761 409 2827 labat.
456 2761 536 2824 Mox
569 2782 610 2823 ne
643 2757 816 2823 beneficiis
848 2757 982 2844 quidem
1017 2759 1244 2824 saecularibus
1278 2760 1418 2825 contenti.

308 2857 493 2923 saeculares
519 2867 553 2920 ut
577 2857 741 2920 ditissima
764 2856 828 2920 sibi
853 2859 1053 2920 monasteria
1077 2859 1212 2921 nomine
1236 2859 1417 2922 commodae

307 2956 532 3037 traderentur,
569 2956 707 3018 effecere
738 2955 823 3018 tristi
855 2975 931 3018 cum
955 2955 1053 3018 ruina
1085 2955 1321 3020 observantiae
1343 2977 1417 3040 regu·

307 3054 396 3119 laris.
449 3055 493 3117 Et
527 3054 606 3139 quia
640 3051 859 3116 ambientium
895 3051 1102 3116 multitudini
1144 3075 1210 3117 non
1247 3052 1417 3118 sufficiebat

310 3151 547 3216 beneficiorum
571 3153 683 3236 copia,
715 3150 797 3214 illud
822 3172 953 3236 quoque
976 3151 1221 3234 excogitatum,
1246 3161 1284 3216 ut
1308 3150 1416 3217 clericis

307 3259 343 3314 et
364 3249 458 3314 laicis
482 3272 525 3313 ex
550 3248 720 3312 Ecclesiae
743 3246 930 3312 redditibus
961 3270 1092 3312 annuae
1114 3250 1294 3333 pensiones
1318 3247 1418 3314 consti·

307 3356 489 3412 tuerentur.
535 3347 691 3433 Denique
714 3369 756 3410 ne
781 3347 861 3432 quid
894 3346 937 3410 ad
960 3346 1122 3412 malorum
1146 3347 1321 3412 cumulum
1345 3348 1416 3412 dees·

307 3455 373 3528 set,
409 3445 445 3508 id
469 3444 665 3509 moliebatur
689 3444 855 3530 cupiditas
879 3455 913 3507 et
934 3445 1067 3529 saepius
1090 3443 1246 3529 perfecit,
1277 3455 1314 3510 ut
1337 3445 1416 3510 bene

307 3543 386 3610 ficia
410 3541 634 3607 ecclesiastica
648 3543 752 3606 veluti
775 3542 997 3606 haereditario
1016 3542 1092 3628 jure
1116 3542 1159 3606 ad
1174 3545 1319 3626 gratiam
1338 3546 1415 3630 jure·

307 3758 386 3814 nale
404 3757 525 3812 destinat
542 3771 591 3825 pes
609 3759 626 3810 a
644 3755 766 3825 l‘Eglise.
786 3786 819 3796 —
838 3754 946 3809 Niooles
959 3754 1075 3819 Golbert,
1095 3796 1144 3811 ...
1164 3757 1182 3807 a
1199 3756 1282 3823 peine
1300 3755 1364 3809 sorti
1380 3753 1413 3804 des

307 3839 390 3894 banea
414 3838 447 3892 00
471 3838 499 3892 la
517 3837 665 3903 sorbonne,
693 3851 757 3903 recu
782 3835 875 3903 depuis
903 3836 1040 3889 densans
1059 3835 1262 3889 al'Aosdemie
1288 3832 1410 3901 franceis

308 3919 376 3973 abbe
395 3919 430 3972 du
449 3919 503 3972 Boe
522 3917 733 3989 (600001ivres)
758 3921 787 3972 et
805 3917 838 3971 de
855 3916 884 3970 la
902 3916 1027 3982 Charite
1053 3915 1144 3983 prieur
1163 3914 1343 3979 d¹Ambierte‚
1365 3917 1411 3966 eto..

307 3999 380 4055 etait
398 4001 449 4067 age
468 3999 500 4053 de
518 3998 601 4065 vingt
618 3997 661 4050 six
679 4013 735 4062 ans,
754 3999 861 4064 lorsque
879 4013 928 4051 son
946 3999 1023 4064 pere,
1041 4011 1109 4064 pour
1127 3995 1167 4050 lui
1186 4011 1297 4050 assurer
1314 4009 1362 4050 une
1377 3992 1410 4043 des

308 4077 453 4146 premieres
471 4079 620 4145 prelatures
639 4078 673 4131 00
690 4078 803 4142 Franee,
821 4077 854 4130 fit
871 4077 1018 4131 demandet
1034 4092 1085 4144 par
1103 4077 1129 4130 le
1146 4076 1199 4130 Boi
1218 4067 1410 4131 aInnoeentXI
1462 4113 1464 4140 z

308 4159 337 4212 la
354 4157 548 4226 coadjutorerie
567 4158 599 4211 de
618 4157 726 4222 Rouen,
746 4157 792 4224 qui
810 4158 849 4211 lui
868 4157 912 4210 sut
930 4156 1053 4212 conteres
1071 4171 1133 4210 sous
1152 4156 1178 4209 le
1197 4155 1266 4210 titre
1285 4150 1410 4209 o’sretere

307 4252 361 4304 qne
379 4239 412 4292 00
430 4237 593 4306 Carthage.“
