<?xml version="1.0" encoding="UTF-8"?>
<!DOCTYPE html PUBLIC "-//W3C//DTD XHTML 1.0 Transitional//EN"
    "http://www.w3.org/TR/xhtml1/DTD/xhtml1-transitional.dtd">
<html xmlns="http://www.w3.org/1999/xhtml" xml:lang="en" lang="en">
 <head>
  <title>
</title>
<meta http-equiv="Content-Type" content="text/html;charset=utf-8" />
  <meta name='ocr-system' content='tesseract 3.04.00' />
  <meta name='ocr-capabilities' content='ocr_page ocr_carea ocr_par ocr_line ocrx_word'/>
</head>
<body>
  <div class='ocr_page' id='page_1' title='image "./dissertationess03junggoog_0322.png"; bbox 0 0 2964 4912; ppageno 0'>
   <div class='ocr_carea' id='block_1_1' title="bbox 389 466 1159 536">
    <p class='ocr_par' dir='ltr' id='par_1_1' title="bbox 389 466 1159 536">
     <span class='ocr_line' id='line_1_1' title="bbox 389 466 1159 536; baseline -0.004 -13"><span class='ocrx_word' id='word_1_1' title='bbox 389 470 430 523; x_wconf 86' lang='lat' dir='ltr'>De</span> <span class='ocrx_word' id='word_1_2' title='bbox 448 467 597 523; x_wconf 85' lang='lat' dir='ltr'>Schismate</span> <span class='ocrx_word' id='word_1_3' title='bbox 614 466 802 536; x_wconf 82' lang='lat' dir='ltr'>Ultrajectino.</span> <span class='ocrx_word' id='word_1_4' title='bbox 1108 467 1159 522; x_wconf 80' lang='lat'>309</span> 
     </span>
    </p>
   </div>
   <div class='ocr_carea' id='block_1_2' title="bbox 15 610 1330 4025">
    <p class='ocr_par' dir='ltr' id='par_1_2' title="bbox 44 610 1161 1382">
     <span class='ocr_line' id='line_1_2' title="bbox 48 610 1158 696; baseline -0.001 -22"><span class='ocrx_word' id='word_1_5' title='bbox 48 615 145 675; x_wconf 83' lang='lat' dir='ltr'>tinere</span> <span class='ocrx_word' id='word_1_6' title='bbox 180 635 294 677; x_wconf 90' lang='lat' dir='ltr'>sanam</span> <span class='ocrx_word' id='word_1_7' title='bbox 331 613 515 676; x_wconf 83' lang='lat' dir='ltr'><strong>doctrinam</strong></span> <span class='ocrx_word' id='word_1_8' title='bbox 556 612 597 676; x_wconf 92' lang='lat' dir='ltr'>de</span> <span class='ocrx_word' id='word_1_9' title='bbox 632 613 739 696; x_wconf 87' lang='lat' dir='ltr'>gratia</span> <span class='ocrx_word' id='word_1_10' title='bbox 773 619 806 674; x_wconf 90' lang='lat' dir='ltr'>et</span> <span class='ocrx_word' id='word_1_11' title='bbox 839 610 1158 696; x_wconf 85' lang='lat' dir='ltr'>praedestinatione;</span> 
     </span>
     <span class='ocr_line' id='line_1_3' title="bbox 50 708 1159 793; baseline -0.001 -21"><span class='ocrx_word' id='word_1_12' title='bbox 50 720 209 793; x_wconf 86' lang='lat' dir='ltr'>praeterea</span> <span class='ocrx_word' id='word_1_13' title='bbox 233 712 412 774; x_wconf 89' lang='lat' dir='ltr'>sententias</span> <span class='ocrx_word' id='word_1_14' title='bbox 436 709 556 773; x_wconf 90' lang='lat' dir='ltr'>multas</span> <span class='ocrx_word' id='word_1_15' title='bbox 572 709 743 776; x_wconf 83' lang='lat' dir='ltr'>Ecclesiae</span> <span class='ocrx_word' id='word_1_16' title='bbox 766 710 964 790; x_wconf 78' lang='lat' dir='ltr'>auctoritati,</span> <span class='ocrx_word' id='word_1_17' title='bbox 989 708 1159 772; x_wconf 83' lang='lat' dir='ltr'>traditioni</span> 
     </span>
     <span class='ocr_line' id='line_1_4' title="bbox 47 806 1159 892; baseline 0 -23"><span class='ocrx_word' id='word_1_18' title='bbox 47 807 231 890; x_wconf 88' lang='lat' dir='ltr'>catholicae,</span> <span class='ocrx_word' id='word_1_19' title='bbox 256 808 479 872; x_wconf 88' lang='lat' dir='ltr'>R.Pontifiois</span> <span class='ocrx_word' id='word_1_20' title='bbox 502 809 669 892; x_wconf 89' lang='lat' dir='ltr'>primatui,</span> <span class='ocrx_word' id='word_1_21' title='bbox 694 806 901 871; x_wconf 79' lang='lat' dir='ltr'>hierarchiae</span> <span class='ocrx_word' id='word_1_22' title='bbox 918 806 1159 870; x_wconf 87' lang='lat' dir='ltr'>ecclesiasticae</span> 
     </span>
     <span class='ocr_line' id='line_1_5' title="bbox 46 904 1160 991; baseline 0.001 -26"><span class='ocrx_word' id='word_1_23' title='bbox 46 905 206 986; x_wconf 87' lang='lat' dir='ltr'>adversas,</span> <span class='ocrx_word' id='word_1_24' title='bbox 232 908 443 991; x_wconf 79' lang='lat' dir='ltr'>conscripsit3</span> <span class='ocrx_word' id='word_1_25' title='bbox 468 906 640 970; x_wconf 81' lang='lat' dir='ltr'>contendit</span> <span class='ocrx_word' id='word_1_26' title='bbox 663 908 773 988; x_wconf 88' lang='lat' dir='ltr'>etiam,</span> <span class='ocrx_word' id='word_1_27' title='bbox 797 904 971 969; x_wconf 88' lang='lat' dir='ltr'>ecclesiam</span> <span class='ocrx_word' id='word_1_28' title='bbox 996 905 1160 968; x_wconf 88' lang='lat' dir='ltr'>Graecam</span> 
     </span>
     <span class='ocr_line' id='line_1_6' title="bbox 49 1001 1161 1090; baseline 0.002 -27"><span class='ocrx_word' id='word_1_29' title='bbox 49 1024 147 1088; x_wconf 91' lang='lat' dir='ltr'>neque</span> <span class='ocrx_word' id='word_1_30' title='bbox 170 1001 416 1068; x_wconf 83' lang='lat' dir='ltr'>schismaticam</span> <span class='ocrx_word' id='word_1_31' title='bbox 446 1025 554 1090; x_wconf 86' lang='lat' dir='ltr'>neque</span> <span class='ocrx_word' id='word_1_32' title='bbox 582 1005 783 1068; x_wconf 89' lang='lat' dir='ltr'>haereticam</span> <span class='ocrx_word' id='word_1_33' title='bbox 814 1025 894 1068; x_wconf 86' lang='lat' dir='ltr'>esse.</span> <span class='ocrx_word' id='word_1_34' title='bbox 941 1003 1040 1066; x_wconf 89' lang='lat' dir='ltr'>Hanc</span> <span class='ocrx_word' id='word_1_35' title='bbox 1069 1023 1161 1065; x_wconf 89' lang='lat' dir='ltr'>occa·</span> 
     </span>
     <span class='ocr_line' id='line_1_7' title="bbox 44 1099 1160 1188; baseline 0.001 -26"><span class='ocrx_word' id='word_1_36' title='bbox 44 1101 163 1164; x_wconf 90' lang='lat' dir='ltr'>sionem</span> <span class='ocrx_word' id='word_1_37' title='bbox 204 1103 305 1185; x_wconf 82' lang='lat' dir='ltr'>igitur</span> <span class='ocrx_word' id='word_1_38' title='bbox 340 1105 508 1188; x_wconf 89' lang='lat' dir='ltr'>arripuere</span> <span class='ocrx_word' id='word_1_39' title='bbox 541 1102 815 1188; x_wconf 87' lang='lat' dir='ltr'>Ultrajectenses,</span> <span class='ocrx_word' id='word_1_40' title='bbox 855 1110 891 1164; x_wconf 92' lang='lat' dir='ltr'>ut</span> <span class='ocrx_word' id='word_1_41' title='bbox 930 1099 1160 1165; x_wconf 87' lang='lat' dir='ltr'>orthodoxiam</span> 
     </span>
     <span class='ocr_line' id='line_1_8' title="bbox 46 1198 1160 1286; baseline 0.001 -26"><span class='ocrx_word' id='word_1_42' title='bbox 46 1219 132 1260; x_wconf 91' lang='lat' dir='ltr'>suam</span> <span class='ocrx_word' id='word_1_43' title='bbox 156 1209 376 1281; x_wconf 83' lang='lat' dir='ltr'>ostentarent,</span> <span class='ocrx_word' id='word_1_44' title='bbox 409 1209 508 1286; x_wconf 89' lang='lat' dir='ltr'>atque</span> <span class='ocrx_word' id='word_1_45' title='bbox 531 1201 696 1264; x_wconf 88' lang='lat' dir='ltr'>immerito</span> <span class='ocrx_word' id='word_1_46' title='bbox 725 1223 745 1264; x_wconf 91' lang='lat' dir='ltr'>a</span> <span class='ocrx_word' id='word_1_47' title='bbox 768 1199 917 1263; x_wconf 89' lang='lat' dir='ltr'>Romano</span> <span class='ocrx_word' id='word_1_48' title='bbox 941 1198 1103 1262; x_wconf 88' lang='lat' dir='ltr'>Pontifice</span> <span class='ocrx_word' id='word_1_49' title='bbox 1126 1219 1160 1262; x_wconf 90' lang='lat' dir='ltr'>se</span> 
     </span>
     <span class='ocr_line' id='line_1_9' title="bbox 45 1296 444 1382; baseline 0.02 -26"><span class='ocrx_word' id='word_1_50' title='bbox 45 1296 130 1380; x_wconf 87' lang='lat' dir='ltr'>rejici</span> <span class='ocrx_word' id='word_1_51' title='bbox 154 1307 444 1382; x_wconf 87' lang='lat' dir='ltr'>conquererentur.</span> 
     </span>
    </p>

    <p class='ocr_par' dir='ltr' id='par_1_3' title="bbox 15 1394 1330 1480">
     <span class='ocr_line' id='line_1_10' title="bbox 15 1394 1330 1480; baseline -0.002 -22"><span class='ocrx_word' id='word_1_52' title='bbox 15 1403 16 1458; x_wconf 83' lang='grc' dir='ltr'>ἶ</span> <span class='ocrx_word' id='word_1_53' title='bbox 128 1394 202 1459; x_wconf 83' lang='grc'><strong>101.</strong></span> <span class='ocrx_word' id='word_1_54' title='bbox 243 1395 415 1480; x_wconf 85' lang='lat' dir='ltr'>Synodum</span> <span class='ocrx_word' id='word_1_55' title='bbox 440 1419 533 1460; x_wconf 91' lang='lat' dir='ltr'>suam</span> <span class='ocrx_word' id='word_1_56' title='bbox 556 1396 739 1461; x_wconf 90' lang='lat' dir='ltr'>Meindarts</span> <span class='ocrx_word' id='word_1_57' title='bbox 768 1417 843 1460; x_wconf 86' lang='lat' dir='ltr'>oum</span> <span class='ocrx_word' id='word_1_58' title='bbox 867 1394 1159 1480; x_wconf 77' lang='lat' dir='ltr'>pseudoepiscopis</span> <span class='ocrx_word' id='word_1_59' title='bbox 1171 1407 1330 1455; x_wconf 54' lang='grc'><strong>1111101110-</strong></span> 
     </span>
    </p>

    <p class='ocr_par' dir='ltr' id='par_1_4' title="bbox 15 1469 1317 2364">
     <span class='ocr_line' id='line_1_11' title="bbox 15 1469 1317 1582; baseline 0.002 -30"><span class='ocrx_word' id='word_1_60' title='bbox 15 1481 167 1556; x_wconf 67' lang='lat' dir='ltr'>&#39;scanne</span> <span class='ocrx_word' id='word_1_61' title='bbox 204 1492 360 1579; x_wconf 85' lang='lat' dir='ltr'>Stipbout</span> <span class='ocrx_word' id='word_1_62' title='bbox 401 1494 632 1558; x_wconf 89' lang='lat' dir='ltr'>Haarlemensi</span> <span class='ocrx_word' id='word_1_63' title='bbox 675 1503 708 1556; x_wconf 90' lang='lat' dir='ltr'>et</span> <span class='ocrx_word' id='word_1_64' title='bbox 741 1492 994 1557; x_wconf 84' lang='lat' dir='ltr'>Bartholomaeo</span> <span class='ocrx_word' id='word_1_65' title='bbox 1028 1492 1159 1557; x_wconf 86' lang='lat' dir='ltr'>Joanne</span> <span class='ocrx_word' id='word_1_66' title='bbox 1187 1469 1317 1582; x_wconf 46' lang='lat' dir='ltr'>dfflssm</span> 
     </span>
     <span class='ocr_line' id='line_1_12' title="bbox 46 1588 1214 1677; baseline 0.002 -27"><span class='ocrx_word' id='word_1_67' title='bbox 46 1588 163 1672; x_wconf 88' lang='lat' dir='ltr'>Reyvel</span> <span class='ocrx_word' id='word_1_68' title='bbox 198 1591 451 1673; x_wconf 87' lang='lat' dir='ltr'>Deventriensi,</span> <span class='ocrx_word' id='word_1_69' title='bbox 492 1601 524 1655; x_wconf 91' lang='lat' dir='ltr'>et</span> <span class='ocrx_word' id='word_1_70' title='bbox 554 1613 628 1656; x_wconf 89' lang='lat' dir='ltr'>cum</span> <span class='ocrx_word' id='word_1_71' title='bbox 663 1591 831 1655; x_wconf 87' lang='lat' dir='ltr'>nonnullis</span> <span class='ocrx_word' id='word_1_72' title='bbox 863 1590 1161 1677; x_wconf 88' lang='lat' dir='ltr'>pseudocanonicis</span> <span class='ocrx_word' id='word_1_73' title='bbox 1212 1623 1214 1628; x_wconf 95' lang='lat'>·</span> 
     </span>
     <span class='ocr_line' id='line_1_13' title="bbox 43 1687 1159 1776; baseline 0.004 -29"><span class='ocrx_word' id='word_1_74' title='bbox 43 1696 73 1748; x_wconf 89' lang='lat' dir='ltr'>et</span> <span class='ocrx_word' id='word_1_75' title='bbox 93 1688 247 1772; x_wconf 87' lang='lat' dir='ltr'>parochis</span> <span class='ocrx_word' id='word_1_76' title='bbox 274 1689 446 1776; x_wconf 90' lang='lat' dir='ltr'>Ultrajecti</span> <span class='ocrx_word' id='word_1_77' title='bbox 481 1689 608 1755; x_wconf 92' lang='lat' dir='ltr'>habuit.</span> <span class='ocrx_word' id='word_1_78' title='bbox 656 1691 695 1752; x_wconf 91' lang='lat' dir='ltr'>In</span> <span class='ocrx_word' id='word_1_79' title='bbox 721 1711 759 1753; x_wconf 90' lang='lat' dir='ltr'>ea</span> <span class='ocrx_word' id='word_1_80' title='bbox 783 1691 965 1754; x_wconf 90' lang='lat' dir='ltr'>sententiae</span> <span class='ocrx_word' id='word_1_81' title='bbox 989 1687 1077 1752; x_wconf 93' lang='lat' dir='ltr'>illius</span> <span class='ocrx_word' id='word_1_82' title='bbox 1101 1688 1159 1752; x_wconf 89' lang='lat' dir='ltr'>Le-</span> 
     </span>
     <span class='ocr_line' id='line_1_14' title="bbox 46 1782 1161 1874; baseline 0.003 -29"><span class='ocrx_word' id='word_1_83' title='bbox 46 1782 122 1848; x_wconf 91' lang='lat' dir='ltr'>clerc</span> <span class='ocrx_word' id='word_1_84' title='bbox 138 1788 344 1872; x_wconf 87' lang='lat' dir='ltr'>proscriptae</span> <span class='ocrx_word' id='word_1_85' title='bbox 360 1798 446 1870; x_wconf 85' lang='lat' dir='ltr'>sunt,</span> <span class='ocrx_word' id='word_1_86' title='bbox 472 1788 601 1874; x_wconf 87' lang='lat' dir='ltr'>alteque</span> <span class='ocrx_word' id='word_1_87' title='bbox 618 1787 660 1850; x_wconf 88' lang='lat' dir='ltr'>ad</span> <span class='ocrx_word' id='word_1_88' title='bbox 682 1789 936 1851; x_wconf 85' lang='lat' dir='ltr'>ostentationem</span> <span class='ocrx_word' id='word_1_89' title='bbox 950 1788 972 1852; x_wconf 88' lang='lat' dir='ltr'><strong>J</strong></span> <span class='ocrx_word' id='word_1_90' title='bbox 974 1787 1161 1850; x_wconf 88' lang='lat' dir='ltr'>ansenistae</span> 
     </span>
     <span class='ocr_line' id='line_1_15' title="bbox 44 1883 1161 1970; baseline 0.002 -26"><span class='ocrx_word' id='word_1_91' title='bbox 44 1883 217 1964; x_wconf 90' lang='lat' dir='ltr'>primatum</span> <span class='ocrx_word' id='word_1_92' title='bbox 241 1885 381 1949; x_wconf 87' lang='lat' dir='ltr'>Romani</span> <span class='ocrx_word' id='word_1_93' title='bbox 410 1885 581 1950; x_wconf 90' lang='lat' dir='ltr'>Pontificis</span> <span class='ocrx_word' id='word_1_94' title='bbox 610 1884 874 1970; x_wconf 74' lang='lat' dir='ltr'>proclamarunt,</span> <span class='ocrx_word' id='word_1_95' title='bbox 906 1886 1000 1948; x_wconf 88' lang='lat' dir='ltr'>varia</span> <span class='ocrx_word' id='word_1_96' title='bbox 1030 1884 1161 1947; x_wconf 87' lang='lat' dir='ltr'>decreta</span> 
     </span>
     <span class='ocr_line' id='line_1_16' title="bbox 43 1982 1161 2063; baseline 0.003 -23"><span class='ocrx_word' id='word_1_97' title='bbox 43 1990 224 2045; x_wconf 87' lang='lat' dir='ltr'>statuerunt</span> <span class='ocrx_word' id='word_1_98' title='bbox 258 1993 372 2047; x_wconf 89' lang='lat' dir='ltr'>contra</span> <span class='ocrx_word' id='word_1_99' title='bbox 413 1984 580 2048; x_wconf 85' lang='lat' dir='ltr'>doctrinas</span> <span class='ocrx_word' id='word_1_100' title='bbox 616 1983 821 2048; x_wconf 86' lang='lat' dir='ltr'>Jesuitarum</span> <span class='ocrx_word' id='word_1_101' title='bbox 856 1983 1049 2063; x_wconf 90' lang='lat' dir='ltr'>Hardouin,</span> <span class='ocrx_word' id='word_1_102' title='bbox 1085 1982 1161 2044; x_wconf 89' lang='lat' dir='ltr'>Ber-</span> 
     </span>
     <span class='ocr_line' id='line_1_17' title="bbox 42 2080 1160 2164; baseline 0.004 -26"><span class='ocrx_word' id='word_1_103' title='bbox 42 2099 137 2160; x_wconf 85' lang='lat' dir='ltr'>ruyer</span> <span class='ocrx_word' id='word_1_104' title='bbox 169 2089 203 2144; x_wconf 88' lang='lat' dir='ltr'>et</span> <span class='ocrx_word' id='word_1_105' title='bbox 227 2080 372 2164; x_wconf 92' lang='lat' dir='ltr'>Pichon,</span> <span class='ocrx_word' id='word_1_106' title='bbox 405 2090 438 2145; x_wconf 90' lang='lat' dir='ltr'>et</span> <span class='ocrx_word' id='word_1_107' title='bbox 461 2090 574 2145; x_wconf 86' lang='lat' dir='ltr'>contra</span> <span class='ocrx_word' id='word_1_108' title='bbox 606 2081 747 2145; x_wconf 87' lang='lat' dir='ltr'>laxiores</span> <span class='ocrx_word' id='word_1_109' title='bbox 771 2083 948 2160; x_wconf 87' lang='lat' dir='ltr'>casuistas,</span> <span class='ocrx_word' id='word_1_110' title='bbox 982 2103 1021 2144; x_wconf 89' lang='lat' dir='ltr'>ac</span> <span class='ocrx_word' id='word_1_111' title='bbox 1045 2081 1084 2143; x_wconf 81' lang='lat'>21</span> <span class='ocrx_word' id='word_1_112' title='bbox 1112 2102 1160 2144; x_wconf 92' lang='lat' dir='ltr'>ca·</span> 
     </span>
     <span class='ocr_line' id='line_1_18' title="bbox 47 2177 1160 2265; baseline 0.003 -28"><span class='ocrx_word' id='word_1_113' title='bbox 47 2197 139 2241; x_wconf 87' lang='lat' dir='ltr'>nones</span> <span class='ocrx_word' id='word_1_114' title='bbox 163 2177 206 2241; x_wconf 90' lang='lat' dir='ltr'>de</span> <span class='ocrx_word' id='word_1_115' title='bbox 231 2178 407 2265; x_wconf 88' lang='lat' dir='ltr'>disciplina</span> <span class='ocrx_word' id='word_1_116' title='bbox 431 2179 661 2244; x_wconf 90' lang='lat' dir='ltr'>condiderunt.</span> <span class='ocrx_word' id='word_1_117' title='bbox 702 2178 833 2259; x_wconf 77' lang='lat' dir='ltr'>Quibus</span> <span class='ocrx_word' id='word_1_118' title='bbox 856 2182 949 2262; x_wconf 87' lang='lat' dir='ltr'>actis,</span> <span class='ocrx_word' id='word_1_119' title='bbox 974 2199 1049 2242; x_wconf 89' lang='lat' dir='ltr'>cum</span> <span class='ocrx_word' id='word_1_120' title='bbox 1067 2199 1160 2262; x_wconf 89' lang='lat' dir='ltr'>pseu·</span> 
     </span>
     <span class='ocr_line' id='line_1_19' title="bbox 43 2273 1161 2364; baseline 0.002 -29"><span class='ocrx_word' id='word_1_121' title='bbox 43 2273 247 2361; x_wconf 75' lang='lat' dir='ltr'>doepisoopis</span> <span class='ocrx_word' id='word_1_122' title='bbox 271 2278 538 2364; x_wconf 90' lang='lat' dir='ltr'>subscripserunt</span> <span class='ocrx_word' id='word_1_123' title='bbox 561 2277 616 2341; x_wconf 90' lang='lat' dir='ltr'>alii</span> <span class='ocrx_word' id='word_1_124' title='bbox 639 2277 849 2342; x_wconf 86' lang='lat' dir='ltr'>Jansenistae</span> <span class='ocrx_word' id='word_1_125' title='bbox 873 2277 989 2341; x_wconf 88' lang='lat' dir='ltr'>eadem</span> <span class='ocrx_word' id='word_1_126' title='bbox 1013 2274 1077 2339; x_wconf 90' lang='lat' dir='ltr'>hac</span> <span class='ocrx_word' id='word_1_127' title='bbox 1101 2274 1161 2338; x_wconf 85' lang='lat' dir='ltr'>for-</span> 
     </span>
    </p>

    <p class='ocr_par' dir='ltr' id='par_1_5' title="bbox 15 2371 1163 3040">
     <span class='ocr_line' id='line_1_20' title="bbox 15 2371 1161 2464; baseline 0.002 -31"><span class='ocrx_word' id='word_1_128' title='bbox 15 2441 16 2446; x_wconf 17' lang='lat'>,</span> <span class='ocrx_word' id='word_1_129' title='bbox 47 2371 127 2436; x_wconf 90' lang='lat' dir='ltr'>mula</span> <span class='ocrx_word' id='word_1_130' title='bbox 151 2376 221 2437; x_wconf 88' lang='lat' dir='ltr'>usi:</span> <span class='ocrx_word' id='word_1_131' title='bbox 258 2377 322 2462; x_wconf 78' lang='lat' dir='ltr'>Epo</span> <span class='ocrx_word' id='word_1_132' title='bbox 424 2375 580 2464; x_wconf 83' lang='lat' dir='ltr'>judicans</span> <span class='ocrx_word' id='word_1_133' title='bbox 603 2375 797 2460; x_wconf 43' lang='lat' dir='ltr'>rubempr&amp;</span> <span class='ocrx_word' id='word_1_134' title='bbox 830 2374 949 2458; x_wconf 88' lang='lat' dir='ltr'>synodi</span> <span class='ocrx_word' id='word_1_135' title='bbox 974 2382 1084 2437; x_wconf 88' lang='lat' dir='ltr'>autem</span> <span class='ocrx_word' id='word_1_136' title='bbox 1109 2372 1161 2436; x_wconf 91' lang='lat' dir='ltr'>de-</span> 
     </span>
     <span class='ocr_line' id='line_1_21' title="bbox 44 2472 1160 2556; baseline 0.003 -25"><span class='ocrx_word' id='word_1_137' title='bbox 44 2480 125 2535; x_wconf 84' lang='lat' dir='ltr'>creta</span> <span class='ocrx_word' id='word_1_138' title='bbox 149 2473 291 2536; x_wconf 90' lang='lat' dir='ltr'>Romam</span> <span class='ocrx_word' id='word_1_139' title='bbox 326 2475 501 2553; x_wconf 90' lang='lat' dir='ltr'>miserunt,</span> <span class='ocrx_word' id='word_1_140' title='bbox 538 2494 651 2536; x_wconf 89' lang='lat' dir='ltr'>eorum</span> <span class='ocrx_word' id='word_1_141' title='bbox 685 2472 969 2536; x_wconf 86' lang='lat' dir='ltr'>confirmationem</span> <span class='ocrx_word' id='word_1_142' title='bbox 1002 2479 1160 2556; x_wconf 86' lang='lat' dir='ltr'>petentes.</span> 
     </span>
     <span class='ocr_line' id='line_1_22' title="bbox 46 2566 1160 2653; baseline 0.005 -26"><span class='ocrx_word' id='word_1_143' title='bbox 46 2566 165 2632; x_wconf 91' lang='lat' dir='ltr'>Verum</span> <span class='ocrx_word' id='word_1_144' title='bbox 192 2567 346 2634; x_wconf 77' lang='lat' dir='ltr'>Clemens</span> <span class='ocrx_word' id='word_1_145' title='bbox 369 2571 455 2633; x_wconf 89' lang='lat' dir='ltr'>XIII</span> <span class='ocrx_word' id='word_1_146' title='bbox 479 2591 514 2633; x_wconf 91' lang='lat' dir='ltr'>re</span> <span class='ocrx_word' id='word_1_147' title='bbox 539 2591 614 2633; x_wconf 92' lang='lat' dir='ltr'>cum</span> <span class='ocrx_word' id='word_1_148' title='bbox 641 2568 877 2634; x_wconf 79' lang='lat' dir='ltr'>Cardinalibus</span> <span class='ocrx_word' id='word_1_149' title='bbox 901 2569 1076 2653; x_wconf 84' lang='lat' dir='ltr'>diligenter</span> <span class='ocrx_word' id='word_1_150' title='bbox 1100 2568 1160 2633; x_wconf 91' lang='lat' dir='ltr'>dis·</span> 
     </span>
     <span class='ocr_line' id='line_1_23' title="bbox 49 2667 1163 2753; baseline 0.006 -28"><span class='ocrx_word' id='word_1_151' title='bbox 49 2684 136 2729; x_wconf 88' lang='lat' dir='ltr'>cussa</span> <span class='ocrx_word' id='word_1_152' title='bbox 161 2667 218 2730; x_wconf 88' lang='lat' dir='ltr'>die</span> <span class='ocrx_word' id='word_1_153' title='bbox 232 2667 293 2732; x_wconf 85' lang='lat'>30⁰</span> <span class='ocrx_word' id='word_1_154' title='bbox 307 2667 433 2752; x_wconf 90' lang='lat' dir='ltr'>Aprilis</span> <span class='ocrx_word' id='word_1_155' title='bbox 449 2691 477 2733; x_wconf 92' lang='lat' dir='ltr'>a.</span> <span class='ocrx_word' id='word_1_156' title='bbox 497 2668 581 2732; x_wconf 77' lang='lat'>1765</span> <span class='ocrx_word' id='word_1_157' title='bbox 605 2667 770 2751; x_wconf 87' lang='lat' dir='ltr'>synodum</span> <span class='ocrx_word' id='word_1_158' title='bbox 787 2667 992 2753; x_wconf 83' lang='lat' dir='ltr'>illegitimam</span> <span class='ocrx_word' id='word_1_159' title='bbox 1013 2678 1045 2730; x_wconf 90' lang='lat' dir='ltr'>et</span> <span class='ocrx_word' id='word_1_160' title='bbox 1061 2675 1163 2732; x_wconf 91' lang='lat' dir='ltr'>atten-</span> 
     </span>
     <span class='ocr_line' id='line_1_24' title="bbox 44 2765 1161 2852; baseline 0.005 -28"><span class='ocrx_word' id='word_1_161' title='bbox 44 2772 138 2827; x_wconf 85' lang='lat' dir='ltr'>tatam</span> <span class='ocrx_word' id='word_1_162' title='bbox 163 2767 410 2850; x_wconf 86' lang='lat' dir='ltr'>pronuntiavit,</span> <span class='ocrx_word' id='word_1_163' title='bbox 441 2766 512 2852; x_wconf 91' lang='lat' dir='ltr'>ejus</span> <span class='ocrx_word' id='word_1_164' title='bbox 536 2774 610 2828; x_wconf 87' lang='lat' dir='ltr'>aeta</span> <span class='ocrx_word' id='word_1_165' title='bbox 633 2765 783 2848; x_wconf 81' lang='lat' dir='ltr'>rescidit,</span> <span class='ocrx_word' id='word_1_166' title='bbox 816 2765 939 2830; x_wconf 91' lang='lat' dir='ltr'>librum</span> <span class='ocrx_word' id='word_1_167' title='bbox 963 2775 1037 2829; x_wconf 83' lang='lat' dir='ltr'>acta</span> <span class='ocrx_word' id='word_1_168' title='bbox 1062 2768 1161 2830; x_wconf 87' lang='lat' dir='ltr'>eonti-</span> 
     </span>
     <span class='ocr_line' id='line_1_25' title="bbox 47 2862 1162 2948; baseline 0.004 -26"><span class='ocrx_word' id='word_1_169' title='bbox 47 2872 171 2926; x_wconf 88' lang='lat' dir='ltr'>nentem</span> <span class='ocrx_word' id='word_1_170' title='bbox 206 2862 395 2945; x_wconf 84' lang='lat' dir='ltr'>damnavit,</span> <span class='ocrx_word' id='word_1_171' title='bbox 432 2884 654 2948; x_wconf 89' lang='lat' dir='ltr'>censurasque</span> <span class='ocrx_word' id='word_1_172' title='bbox 686 2873 801 2927; x_wconf 88' lang='lat' dir='ltr'>contra</span> <span class='ocrx_word' id='word_1_173' title='bbox 832 2863 1058 2928; x_wconf 90' lang='lat' dir='ltr'>schismaticos</span> <span class='ocrx_word' id='word_1_174' title='bbox 1089 2862 1162 2926; x_wconf 89' lang='lat' dir='ltr'>illos</span> 
     </span>
     <span class='ocr_line' id='line_1_26' title="bbox 47 2958 257 3040; baseline 0.019 -23"><span class='ocrx_word' id='word_1_175' title='bbox 47 2958 257 3040; x_wconf 85' lang='lat' dir='ltr'>innovavit.¹)</span> 
     </span>
    </p>

    <p class='ocr_par' dir='ltr' id='par_1_6' title="bbox 45 3056 1228 4025">
     <span class='ocr_line' id='line_1_27' title="bbox 130 3056 1160 3144; baseline 0.001 -23"><span class='ocrx_word' id='word_1_176' title='bbox 130 3057 204 3123; x_wconf 86' lang='lat'>102.</span> <span class='ocrx_word' id='word_1_177' title='bbox 243 3056 454 3123; x_wconf 88' lang='lat' dir='ltr'>Schismatici</span> <span class='ocrx_word' id='word_1_178' title='bbox 483 3060 518 3122; x_wconf 91' lang='lat' dir='ltr'>in</span> <span class='ocrx_word' id='word_1_179' title='bbox 549 3081 623 3123; x_wconf 84' lang='lat' dir='ltr'>sua·</span> <span class='ocrx_word' id='word_1_180' title='bbox 639 3068 753 3123; x_wconf 89' lang='lat' dir='ltr'>contra</span> <span class='ocrx_word' id='word_1_181' title='bbox 783 3058 1009 3144; x_wconf 87' lang='lat' dir='ltr'>Apostolicam</span> <span class='ocrx_word' id='word_1_182' title='bbox 1041 3056 1160 3123; x_wconf 84' lang='lat' dir='ltr'>Sedem</span> 
     </span>
     <span class='ocr_line' id='line_1_28' title="bbox 47 3152 1162 3240; baseline 0.007 -28"><span class='ocrx_word' id='word_1_183' title='bbox 47 3152 219 3219; x_wconf 88' lang='lat' dir='ltr'>rebellione</span> <span class='ocrx_word' id='word_1_184' title='bbox 239 3165 502 3240; x_wconf 86' lang='lat' dir='ltr'>perseverarunt.</span> <span class='ocrx_word' id='word_1_185' title='bbox 550 3157 698 3220; x_wconf 89' lang='lat' dir='ltr'>Maxime</span> <span class='ocrx_word' id='word_1_186' title='bbox 713 3154 844 3220; x_wconf 86' lang='lat' dir='ltr'>solliciti</span> <span class='ocrx_word' id='word_1_187' title='bbox 869 3156 910 3220; x_wconf 89' lang='lat' dir='ltr'>de</span> <span class='ocrx_word' id='word_1_188' title='bbox 925 3156 1162 3220; x_wconf 88' lang='lat' dir='ltr'>conservandis</span> 
     </span>
     <span class='ocr_line' id='line_1_29' title="bbox 45 3251 1160 3340; baseline 0.004 -28"><span class='ocrx_word' id='word_1_189' title='bbox 45 3251 143 3316; x_wconf 86' lang='lat' dir='ltr'>tribus</span> <span class='ocrx_word' id='word_1_190' title='bbox 167 3255 238 3316; x_wconf 87' lang='lat' dir='ltr'>suis</span> <span class='ocrx_word' id='word_1_191' title='bbox 268 3255 448 3340; x_wconf 89' lang='lat' dir='ltr'>episcopis,</span> <span class='ocrx_word' id='word_1_192' title='bbox 481 3263 554 3339; x_wconf 92' lang='lat' dir='ltr'>post</span> <span class='ocrx_word' id='word_1_193' title='bbox 576 3256 675 3318; x_wconf 91' lang='lat' dir='ltr'>unius</span> <span class='ocrx_word' id='word_1_194' title='bbox 699 3254 825 3318; x_wconf 90' lang='lat' dir='ltr'>obitum</span> <span class='ocrx_word' id='word_1_195' title='bbox 856 3255 1012 3317; x_wconf 90' lang='lat' dir='ltr'>continuo</span> <span class='ocrx_word' id='word_1_196' title='bbox 1037 3275 1160 3318; x_wconf 87' lang='lat' dir='ltr'>novum</span> 
     </span>
     <span class='ocr_line' id='line_1_30' title="bbox 47 3347 1161 3437; baseline 0.006 -28"><span class='ocrx_word' id='word_1_197' title='bbox 47 3347 218 3434; x_wconf 84' lang='lat' dir='ltr'>eligebant.</span> <span class='ocrx_word' id='word_1_198' title='bbox 266 3352 406 3422; x_wconf 89' lang='lat' dir='ltr'>Romani</span> <span class='ocrx_word' id='word_1_199' title='bbox 430 3351 609 3416; x_wconf 84' lang='lat' dir='ltr'>Pontifices</span> <span class='ocrx_word' id='word_1_200' title='bbox 640 3372 737 3433; x_wconf 86' lang='lat' dir='ltr'>vero,</span> <span class='ocrx_word' id='word_1_201' title='bbox 773 3351 894 3437; x_wconf 94' lang='lat' dir='ltr'>quibus</span> <span class='ocrx_word' id='word_1_202' title='bbox 927 3351 974 3415; x_wconf 93' lang='lat' dir='ltr'>illi</span> <span class='ocrx_word' id='word_1_203' title='bbox 1005 3361 1079 3415; x_wconf 87' lang='lat' dir='ltr'>acta</span> <span class='ocrx_word' id='word_1_204' title='bbox 1103 3373 1161 3416; x_wconf 88' lang='lat' dir='ltr'>sua</span> 
     </span>
     <span class='ocr_line' id='line_1_31' title="bbox 47 3449 1228 3534; baseline 0.008 -27"><span class='ocrx_word' id='word_1_205' title='bbox 47 3465 169 3533; x_wconf 87' lang='lat' dir='ltr'>semper</span> <span class='ocrx_word' id='word_1_206' title='bbox 203 3449 436 3532; x_wconf 86' lang='lat' dir='ltr'>significabant</span> <span class='ocrx_word' id='word_1_207' title='bbox 468 3471 581 3514; x_wconf 87' lang='lat' dir='ltr'>eorum</span> <span class='ocrx_word' id='word_1_208' title='bbox 610 3449 894 3514; x_wconf 86' lang='lat' dir='ltr'>confirmationem</span> <span class='ocrx_word' id='word_1_209' title='bbox 927 3458 1092 3534; x_wconf 88' lang='lat' dir='ltr'>petentes,</span> <span class='ocrx_word' id='word_1_210' title='bbox 1127 3451 1161 3513; x_wconf 93' lang='lat' dir='ltr'>in</span> <span class='ocrx_word' id='word_1_211' title='bbox 1226 3513 1228 3516; x_wconf 83' lang='grc'>.</span> 
     </span>
     <span class='ocr_line' id='line_1_32' title="bbox 47 3545 1162 3633; baseline 0.005 -29"><span class='ocrx_word' id='word_1_212' title='bbox 47 3545 89 3607; x_wconf 88' lang='lat' dir='ltr'>eis</span> <span class='ocrx_word' id='word_1_213' title='bbox 110 3545 302 3632; x_wconf 89' lang='lat' dir='ltr'>rejiciendis</span> <span class='ocrx_word' id='word_1_214' title='bbox 326 3548 504 3633; x_wconf 88' lang='lat' dir='ltr'>electisque</span> <span class='ocrx_word' id='word_1_215' title='bbox 528 3547 860 3612; x_wconf 88' lang='lat' dir='ltr'>excommunicandis</span> <span class='ocrx_word' id='word_1_216' title='bbox 883 3555 1114 3632; x_wconf 80' lang='lat' dir='ltr'>perrexerunt3</span> <span class='ocrx_word' id='word_1_217' title='bbox 1143 3569 1162 3610; x_wconf 90' lang='lat' dir='ltr'>a</span> 
     </span>
     <span class='ocr_line' id='line_1_33' title="bbox 49 3644 1163 3724; baseline 0.004 -20"><span class='ocrx_word' id='word_1_218' title='bbox 49 3661 182 3724; x_wconf 93' lang='lat' dir='ltr'>quorum</span> <span class='ocrx_word' id='word_1_219' title='bbox 224 3647 395 3709; x_wconf 88' lang='lat' dir='ltr'>sententiis</span> <span class='ocrx_word' id='word_1_220' title='bbox 434 3669 473 3710; x_wconf 88' lang='lat' dir='ltr'>ac</span> <span class='ocrx_word' id='word_1_221' title='bbox 509 3646 657 3710; x_wconf 89' lang='lat' dir='ltr'>censuris</span> <span class='ocrx_word' id='word_1_222' title='bbox 692 3644 894 3708; x_wconf 85' lang='lat' dir='ltr'>schismatici</span> <span class='ocrx_word' id='word_1_223' title='bbox 929 3646 1085 3708; x_wconf 88' lang='lat' dir='ltr'>continuo</span> <span class='ocrx_word' id='word_1_224' title='bbox 1120 3644 1163 3709; x_wconf 92' lang='lat' dir='ltr'>ad</span> 
     </span>
     <span class='ocr_line' id='line_1_34' title="bbox 47 3740 1162 3829; baseline 0.004 -28"><span class='ocrx_word' id='word_1_225' title='bbox 47 3741 193 3819; x_wconf 85' lang='lat' dir='ltr'>generale</span> <span class='ocrx_word' id='word_1_226' title='bbox 219 3740 403 3807; x_wconf 83' lang='lat' dir='ltr'>Concilium</span> <span class='ocrx_word' id='word_1_227' title='bbox 428 3743 665 3829; x_wconf 87' lang='lat' dir='ltr'>provocabant.</span> <span class='ocrx_word' id='word_1_228' title='bbox 714 3741 857 3822; x_wconf 77' lang='lat' dir='ltr'>Quando</span> <span class='ocrx_word' id='word_1_229' title='bbox 884 3765 914 3806; x_wconf 91' lang='lat' dir='ltr'>a.</span> <span class='ocrx_word' id='word_1_230' title='bbox 942 3742 1026 3806; x_wconf 79' lang='lat'>1786</span> <span class='ocrx_word' id='word_1_231' title='bbox 1050 3741 1162 3828; x_wconf 84' lang='lat' dir='ltr'>Scipio</span> 
     </span>
     <span class='ocr_line' id='line_1_35' title="bbox 50 3833 1163 3924; baseline 0.005 -25"><span class='ocrx_word' id='word_1_232' title='bbox 50 3833 134 3902; x_wconf 88' lang='lat' dir='ltr'>Ricci</span> <span class='ocrx_word' id='word_1_233' title='bbox 166 3840 424 3905; x_wconf 90' lang='lat' dir='ltr'>conciliabulum</span> <span class='ocrx_word' id='word_1_234' title='bbox 456 3841 574 3908; x_wconf 90' lang='lat' dir='ltr'>habuit</span> <span class='ocrx_word' id='word_1_235' title='bbox 596 3842 795 3905; x_wconf 89' lang='lat' dir='ltr'>Pistoriense</span> <span class='ocrx_word' id='word_1_236' title='bbox 824 3839 938 3924; x_wconf 90' lang='lat' dir='ltr'>ibique</span> <span class='ocrx_word' id='word_1_237' title='bbox 961 3840 1163 3905; x_wconf 84' lang='lat' dir='ltr'>Jansenista·</span> 
     </span>
     <span class='ocr_line' id='line_1_36' title="bbox 50 3936 1162 4025; baseline 0.003 -28"><span class='ocrx_word' id='word_1_238' title='bbox 50 3955 116 3999; x_wconf 89' lang='lat' dir='ltr'>rum</span> <span class='ocrx_word' id='word_1_239' title='bbox 140 3936 324 4002; x_wconf 86' lang='lat' dir='ltr'>doctrinam</span> <span class='ocrx_word' id='word_1_240' title='bbox 349 3949 381 4002; x_wconf 88' lang='lat' dir='ltr'>et</span> <span class='ocrx_word' id='word_1_241' title='bbox 397 3938 606 4025; x_wconf 89' lang='lat' dir='ltr'>disciplinam</span> <span class='ocrx_word' id='word_1_242' title='bbox 623 3941 727 4003; x_wconf 88' lang='lat' dir='ltr'>tuitus</span> <span class='ocrx_word' id='word_1_243' title='bbox 743 3948 801 4020; x_wconf 87' lang='lat' dir='ltr'>est,</span> <span class='ocrx_word' id='word_1_244' title='bbox 827 3947 900 4023; x_wconf 88' lang='lat' dir='ltr'>post</span> <span class='ocrx_word' id='word_1_245' title='bbox 916 3937 1162 4002; x_wconf 89' lang='lat' dir='ltr'>damnationem</span> 
     </span>
    </p>
   </div>
   <div class='ocr_carea' id='block_1_3' title="bbox 51 4084 257 4099">
    <p class='ocr_par' dir='ltr' id='par_1_7' title="bbox 51 4084 257 4099">
     <span class='ocr_line' id='line_1_37' title="bbox 51 4084 257 4099; baseline 0 0"><span class='ocrx_word' id='word_1_246' title='bbox 51 4084 257 4099; x_wconf 29' lang='lat' dir='ltr'>Q·—</span> 
     </span>
    </p>
   </div>
   <div class='ocr_carea' id='block_1_4' title="bbox 52 4156 1164 4309">
    <p class='ocr_par' dir='ltr' id='par_1_8' title="bbox 52 4156 1164 4309">
     <span class='ocr_line' id='line_1_38' title="bbox 52 4156 1164 4298; baseline 0.001 -87"><span class='ocrx_word' id='word_1_247' title='bbox 52 4231 92 4298; x_wconf 66' lang='lat' dir='ltr'>(d</span> <span class='ocrx_word' id='word_1_248' title='bbox 117 4156 214 4292; x_wconf 51' lang='grc' dir='ltr'>3ξὲτὰ</span> <span class='ocrx_word' id='word_1_249' title='bbox 242 4159 370 4214; x_wconf 88' lang='lat' dir='ltr'>Wouters</span> <span class='ocrx_word' id='word_1_250' title='bbox 399 4158 502 4214; x_wconf 87' lang='lat' dir='ltr'>Histor.</span> <span class='ocrx_word' id='word_1_251' title='bbox 531 4158 622 4215; x_wconf 85' lang='lat' dir='ltr'>eccles.</span> <span class='ocrx_word' id='word_1_252' title='bbox 651 4158 682 4212; x_wconf 81' lang='grc' dir='ltr'>Τ.</span> <span class='ocrx_word' id='word_1_253' title='bbox 710 4159 759 4212; x_wconf 90' lang='grc' dir='ltr'>ΠΙ.</span> <span class='ocrx_word' id='word_1_254' title='bbox 787 4173 831 4225; x_wconf 87' lang='lat' dir='ltr'>pp.</span> <span class='ocrx_word' id='word_1_255' title='bbox 859 4160 913 4213; x_wconf 77' lang='lat'>232</span> <span class='ocrx_word' id='word_1_256' title='bbox 941 4174 997 4226; x_wconf 86' lang='lat' dir='ltr'>sqq.</span> <span class='ocrx_word' id='word_1_257' title='bbox 1026 4159 1080 4212; x_wconf 80' lang='lat'>280</span> <span class='ocrx_word' id='word_1_258' title='bbox 1107 4172 1164 4223; x_wconf 87' lang='lat' dir='ltr'>sqq.</span> 
     </span>
     <span class='ocr_line' id='line_1_39' title="bbox 63 4242 253 4309; baseline 0.026 -23"><span class='ocrx_word' id='word_1_259' title='bbox 63 4247 99 4291; x_wconf 85' lang='lat' dir='ltr'>e.</span> <span class='ocrx_word' id='word_1_260' title='bbox 135 4249 145 4270; x_wconf 67' lang='lat'>⁸</span> <span class='ocrx_word' id='word_1_261' title='bbox 216 4242 253 4309; x_wconf 78' lang='lat' dir='ltr'>t.)</span> 
     </span>
    </p>
   </div>
   <div class='ocr_carea' id='block_1_5' title="bbox 0 0 1486 4912">
    <p class='ocr_par' dir='ltr' id='par_1_9' title="bbox 0 0 1486 4912">
     <span class='ocr_line' id='line_1_40' title="bbox 0 0 1486 4912; baseline 0 0"><span class='ocrx_word' id='word_1_262' title='bbox 0 0 1486 4912; x_wconf 95' lang='lat' dir='ltr'> </span> 
     </span>
    </p>
   </div>
  </div>
 </body>
</html>
