2964 4912
418 499 458 552 De
479 496 666 552 Gallicanismi
685 497 780 552 indole.
1106 497 1159 552 319

51 655 137 706 oetam
159 647 291 730 rapiam,
324 653 360 706 ut
383 645 417 705 in
442 641 551 706 Gallia
577 640 838 705 Constitutiones
862 652 895 705 et
919 641 1051 705 decreta
1075 642 1158 706 Pon·

53 740 164 803 tilicum
188 763 254 805 non
278 741 546 819 admitterentur,
579 740 643 802 nisi
667 739 865 824 gubernium
891 741 1045 803 examine
1068 742 1158 804 insti·

50 849 110 902 tuto
132 842 328 924 agnovisset,
354 838 437 903 nihil
462 841 495 902 in
521 840 561 901 iis
586 839 746 901 contineri
763 839 908 924 antiquis
927 837 1060 923 juribus
1084 860 1157 903 con·
1178 840 1314 946 (illim

50 939 190 1016 trarium,
221 959 348 1022 suoque
382 937 509 1000 Placeto
544 936 743 1000 documenta
776 938 981 1001 munivisset.
1028 937 1092 1000 Per
1124 959 1158 1000 se
1187 918 1212 945 '³
1231 918 1316 947 mm

49 1036 196 1118 ejusmodi
233 1033 354 1100 Placett'
393 1036 622 1099 necessitatem
662 1034 908 1117 restringebant
942 1033 985 1096 ad
1026 1034 1158 1098 decreta

48 1131 270 1218 disciplinaria,
296 1135 353 1198 sed
377 1155 479 1220 quum
505 1135 539 1195 in
556 1131 857 1196 Constitutionibus
882 1133 1078 1216 dogmaticis
1101 1132 1158 1196 ali-

48 1231 117 1315 quid
140 1234 300 1296 contineri
325 1240 435 1316 posset
461 1229 551 1316 quod
574 1229 617 1293 ad
643 1229 853 1314 disciplinam
878 1240 1049 1314 spectaret,
1075 1229 1158 1293 indi-

46 1339 123 1394 recte
146 1353 218 1394 cam
244 1333 343 1394 etiam
368 1329 410 1392 ad
435 1329 495 1392 has
519 1327 616 1392 facile
641 1327 876 1393 extendebant.
903 1366 941 1374 -
969 1327 1156 1414 Appellatio

46 1429 217 1501 uPoatirlee
234 1429 277 1492 ad
292 1425 465 1492 Concilium
478 1435 510 1489 et
520 1425 763 1512 Appellatioaes
779 1425 818 1489 ab
834 1427 934 1489 abusa
948 1436 1062 1489 contra
1075 1428 1156 1511 epis·

45 1548 190 1613 caporum
210 1537 285 1592 acta
302 1529 425 1613 pariter
444 1525 553 1588 media
572 1534 666 1588 erant
682 1524 724 1588 ad
743 1523 964 1588 vindicandas
978 1523 1155 1588 libertates.

124 1629 173 1691 11.
215 1624 472 1692 Contendebant
494 1621 678 1703 Gallicani,
714 1624 784 1686 sine
816 1643 977 1686 consensu
1008 1622 1094 1705 regis
1125 1633 1157 1686 et

44 1725 261 1810 episcoporum
293 1721 488 1787 Pontificem
521 1721 629 1786 nullas
663 1721 744 1807 lepes
777 1721 1003 1784 ecclesiasticus
1036 1720 1156 1804 quibus

44 1819 141 1885 Gallia
171 1822 374 1906 obligaretur
404 1830 540 1884 statuere
568 1841 679 1904 posse3
714 1840 775 1883 nec
807 1839 882 1881 eum
906 1838 1001 1903 posse
1031 1817 1156 1903 dispeu-

43 1939 104 1982 sare
134 1922 199 1984 nisi
232 1921 265 1982 in
291 1917 440 1998 casibus,
477 1916 598 2002 quibus
629 1918 843 1980 oecumenica
868 1913 1018 1980 Concilia
1042 1917 1071 1978 ei
1099 1915 1155 2000 jus

43 2015 247 2102 dispensandi
282 2016 486 2080 tribuissent.
544 2013 724 2099 Speoiatim
763 2014 932 2078 libertates
967 2011 1156 2077 Gallicanas

42 2112 177 2197 obstare,
215 2116 393 2201 quominus
426 2112 581 2178 Pontifex
620 2111 782 2176 concedat
818 2111 1080 2196 dispensationes
1112 2111 1154 2175 ab

40 2211 261 2296 impedimentis
285 2213 446 2275 canonicis
471 2209 514 2274 ad
537 2209 702 2274 beneficia
725 2209 948 2273 ecclesiastica
963 2209 1153 2291 obtinenda,

40 2309 86 2372 vel
116 2312 289 2374 astatutis
321 2310 536 2374 ecclesiarum
569 2307 810 2372 cathedralium
844 2316 876 2372 et
908 2307 1154 2393 collegiatarum

41 2403 167 2472 Galliae.
207 2408 343 2472 Nuntiis
367 2407 547 2493 pontificiis
571 2406 613 2470 ob
637 2405 697 2470 has
720 2405 888 2470 libertates
912 2405 1038 2470 nullam
1056 2407 1154 2492 juris·

40 2503 209 2570 dictionem
235 2508 269 2569 in
294 2504 406 2570 Gallia
430 2506 619 2569 convenire.
666 2505 810 2590 Legatos
833 2527 853 2568 a
876 2504 979 2568 latere
1000 2504 1154 2568 Pontifex

38 2603 100 2667 sine
128 2606 217 2690 regis
248 2605 409 2689 petitione
440 2602 494 2666 vel
518 2601 757 2687 approbatione
788 2604 822 2665 in
848 2601 991 2666 Galliam
1023 2604 1153 2666 mittere

39 2721 95 2764 uon
118 2711 264 2786 poterat;
294 2702 374 2766 dum
398 2723 476 2765 vero
501 2699 566 2764 hac
590 2700 779 2764 conditione
803 2699 938 2784 impleta
962 2699 1152 2784 veniebant,

33 2794 242 2883 jurejurando
277 2800 398 2883 scripto
432 2808 464 2862 et
488 2806 640 2862 oretenus
674 2799 864 2882 promittere
898 2797 1082 2879 debebant,
1118 2821 1152 2863 se

36 2891 191 2979 legatione
232 2917 291 2962 sua
337 2899 423 2961 intra
468 2898 554 2980 regis
598 2898 799 2960 territorium
844 2917 910 2960 non
951 2895 1046 2960 aliter
1090 2920 1153 2961 nec

37 2991 151 3058 diutius
182 2995 355 3060 functuros
385 3017 472 3074 esse,
508 3017 547 3058 ac
578 2995 649 3078 regi
680 2995 716 3058 id
746 2995 940 3079 placuisset,
976 2996 1152 3081 statimque

36 3111 176 3156 cessuros
207 3093 406 3179 simulatque
431 3092 625 3157 mandatum
655 3094 740 3175 regis
765 3094 811 3156 eis
840 3093 1028 3156 nuntiatum
1057 3103 1151 3158 esset.

35 3186 119 3254 Nihil
143 3191 264 3276 Legati
288 3191 397 3256 facere
421 3200 588 3276 poterant,
625 3190 713 3276 quod
743 3189 957 3271 libertatibus,
993 3187 1151 3256 Oonciliis

35 3289 265 3368 oecumenicis,
302 3288 487 3373 privilegiis
518 3289 783 3353 Universitatum
816 3289 1017 3352 contrarium
1048 3299 1150 3369 esset,

35 3380 104 3448 hinc
133 3384 309 3450 facultates
333 3409 409 3450 suas
433 3385 643 3451 Parlamento
675 3385 868 3449 submittere
899 3384 1082 3466 debebant,
1115 3397 1151 3476 ut

34 3501 82 3544 eas
104 3485 314 3548 examinaret
342 3484 395 3549 vel
420 3483 635 3548 modificarct.
676 3484 769 3547 Haec
793 3505 872 3548 sane
897 3484 932 3544 in
954 3483 1149 3547 Pontificem

33 3575 213 3644 Romanum
239 3591 332 3645 erant
357 3581 455 3646 valde
479 3581 603 3648 odiosa.

116 3680 168 3744 12.
208 3679 272 3742 Per
294 3679 463 3744 libertates
480 3677 670 3744 Gallicanas
693 3700 788 3764 porro
808 3680 877 3761 regi
895 3678 1150 3763 adjudicabatur

27 3772 78 3854 jus
101 3776 310 3841 convocandi
335 3787 366 3841 et
387 3776 606 3841 confirmandi
630 3778 742 3840 omnia
759 3775 909 3840 Concilia
930 3776 1149 3861 provincialia

32 3881 61 3933 et
81 3873 273 3952 nationalia,
298 3885 331 3940 et
349 3874 538 3960 jurisdictio
563 3875 598 3938 in
619 3873 754 3938 clericos
778 3875 835 3959 qui
860 3896 998 3938 munera
1022 3875 1056 3937 in
1073 3873 1148 3938 aula

32 3965 204 4036 habebant.
252 3971 407 4036 Pontifici
438 3971 623 4057 negabatur
646 3971 753 4036 omnis
778 3980 920 4056 potestas
954 3972 1147 4055 imponendi

31 4069 120 4130 taxas
153 4067 326 4132 beneficiis
365 4069 639 4150 ecclesiasticis.¹)
677 4107 721 4116 -
755 4069 936 4132 Doctrinae
977 4068 1024 4133 illi
1058 4092 1146 4150 suae,

32 4164 239 4177 ἓ-

100 4200 119 4268 ¹)
139 4201 195 4258 Cfr.
208 4201 360 4267 Herioonrt,
379 4200 431 4256 Les
450 4200 501 4254 lois
520 4200 735 4266 ecclesiastiques
755 4201 787 4254 de
803 4201 921 4267 France;
940 4199 1012 4268 apud
1025 4199 1146 4269 Phillips,

32 4274 229 4346 Kirchenrecht‚
248 4280 279 4337 T.
299 4280 351 4338 111.
370 4281 401 4337 P.
421 4281 443 4338 I.
462 4280 478 4350 ξ
500 4281 560 4336 135.
