3288 4900
486 505 601 560 Concilii
620 504 744 572 periodus
763 504 859 572 prima.
1201 505 1236 554 99

128 652 268 736 periculo,
293 650 501 714 remittendis
524 649 566 712 ad
584 671 660 712 suas
677 647 771 713 sedes
785 648 959 732 episcopis,
985 657 1083 732 atque
1098 647 1236 732 integris

126 750 282 813 christiani
307 747 396 812 orbis
420 747 603 833 provinciis
626 767 684 831 per
708 747 835 809 sancita
854 744 925 828 jam
951 745 1106 828 dogmata
1130 765 1235 808 corro-

131 847 269 912 borandis
302 867 436 931 operam
471 845 606 908 dabant.
662 844 765 907 Porro
800 844 1027 928 unusquisque
1062 845 1235 908 consuevit

129 945 234 1010 bonum
252 944 334 1009 illud
351 943 474 1007 habere
491 964 549 1027 pro
564 945 719 1022 maximo,
746 941 840 1026 cujus
856 939 1033 1026 peculiaris
1047 941 1235 1025 procuratio

125 1045 161 1107 ad
193 1067 225 1108 se
262 1051 399 1128 spectat.
452 1041 562 1127 Atque
600 1041 634 1104 id
673 1049 810 1104 naturae
849 1040 985 1103 fortasse
1024 1038 1236 1123 providentia

124 1145 265 1207 effectum
297 1151 355 1221 est,
389 1148 426 1203 ut
456 1161 514 1224 pro
539 1160 599 1202 sua
624 1141 763 1224 quisque
788 1137 877 1200 virili
901 1147 994 1222 parte
1025 1135 1157 1200 studeat
1188 1137 1235 1201 illi

127 1241 207 1324 bono,
241 1239 331 1326 quod
355 1241 426 1323 ipse
449 1260 508 1322 per
531 1260 565 1300 se
589 1237 697 1300 moliri
726 1237 838 1321 possit.
886 1233 990 1321 Cujus
1022 1236 1069 1298 rei
1101 1236 1235 1321 aliquod

126 1338 299 1423 exemplum
325 1337 422 1400 nobis
446 1337 481 1399 in
505 1336 608 1399 sacris
631 1334 725 1399 libris
748 1334 884 1419 protulit
907 1334 1009 1415 Deus,
1041 1333 1100 1397 ubi
1124 1333 1236 1419 hujus·

127 1437 201 1500 nodi
224 1436 408 1500 certamina
431 1433 486 1498 vel
509 1435 596 1498 inter
614 1433 729 1497 beatos
753 1431 889 1517 angelos
912 1441 1053 1514 enarrat,
1078 1455 1120 1496 ne
1136 1433 1234 1496 offen-

124 1538 195 1599 sioni
220 1533 317 1598 nobis
341 1533 435 1616 foret,
460 1533 487 1595 11
503 1553 542 1596 11
563 1533 650 1595 inter
673 1531 781 1617 justos
805 1530 957 1594 homines
981 1532 1233 1616 conspiciamus.

125 1633 209 1713 Quod
233 1634 352 1696 attinet
375 1631 418 1695 ad
442 1630 583 1694 alterum
608 1640 718 1714 caput,
744 1629 990 1694 animadvertat
1012 1628 1124 1710 lector,
1150 1631 1237 1694 inter

123 1741 215 1794 artem
239 1753 279 1794 ac
302 1729 454 1793 fraudem
484 1727 664 1814 plurimum
693 1729 869 1801 interesse;
909 1726 965 1790 illa
989 1729 1073 1790 inest
1096 1726 1235 1810 bomini,

120 1839 274 1913 quatenus
298 1827 396 1891 homo
420 1824 541 1889 belluis
565 1825 690 1905 melior,
716 1824 797 1888 haec
812 1825 897 1888 inest
912 1824 1049 1905 bomini,
1074 1835 1235 1910 quatenus

125 1925 209 1990 homo
233 1925 353 1990 belluis
377 1923 521 1987 deterior
543 1924 655 2004 est.“¹)

199 2024 253 2090 50.
291 2023 403 2105 Quum
427 2022 528 2104 igitur
553 2021 593 2084 de
619 2019 760 2084 Consilii
785 2019 1000 2084 translatione
1025 2021 1078 2085 vel
1102 2044 1234 2107 suspen·

120 2124 202 2185 sione
225 2121 351 2184 diversi
376 2119 508 2184 diversa
532 2118 630 2202 plane
661 2119 831 2199 sentirent,
863 2128 1002 2182 eventus
1033 2120 1157 2183 accidit
1187 2122 1233 2184 in-

121 2222 282 2303 opinatae,
322 2239 364 2281 ex
396 2239 461 2303 quo
496 2217 667 2280 decretum
701 2216 927 2280 translationis
962 2226 1070 2281 ortum
1108 2217 1236 2283 babuit.

121 2318 332 2401 Contagiosus
360 2315 519 2379 videlicet
549 2314 684 2379 morbus
707 2314 857 2378 Tridenti
891 2314 1065 2396 increbuit,
1099 2339 1140 2379 ex
1171 2339 1236 2402 quo

122 2418 206 2480 tortio
230 2425 305 2500 post
325 2416 505 2478 sessionem
519 2415 692 2498 septimam
711 2413 765 2477 die
781 2414 955 2498 episcopus
970 2411 1238 2500 Caputaquensis

123 2514 295 2576 exstinctus
323 2521 389 2594 est3
428 2511 528 2597 paulo
560 2521 636 2574 ante
667 2533 710 2575 ex
738 2511 852 2576 eodem
890 2512 1041 2575 minister
1074 2513 1237 2596 generalis

122 2609 280 2674 llinorum
305 2618 338 2673 et
359 2608 488 2695 aliquot
502 2632 544 2673 ex
559 2609 743 2694 legatorum
759 2609 895 2672 familiis
910 2607 1071 2675 obierant.
1095 2609 1237 2674 Animos

125 2707 290 2772 multorum
306 2707 408 2791 igitur
426 2718 532 2771 metus
548 2709 736 2792 occupavit,
761 2729 803 2770 ne
822 2706 893 2771 lues
909 2705 965 2770 illa
982 2710 1236 2792 ingravesceret,

123 2815 149 2866 et
182 2827 260 2872 cum
294 2807 393 2868 timor
428 2807 542 2869 mortis
574 2827 673 2889 super
700 2805 844 2891 reliquas
879 2807 1070 2869 affectiones
1110 2806 1237 2871 homini

129 2901 312 2985 dominetur,
342 2903 385 2967 ad
409 2903 648 2988 profectionem
673 2906 822 2967 animum
847 2913 1097 2985 converterunt3
1128 2914 1237 2968 aucta·

125 3020 176 3083 que
198 3002 367 3065 festinatio
393 3023 435 3064 ex
460 3023 497 3065 eo
522 3011 580 3084 est,
607 3002 705 3087 quod,
731 3003 853 3065 vicinis
876 3004 911 3065 in
927 3000 1008 3064 locis
1032 3024 1144 3086 sparso
1163 3024 1237 3066 con·

125 3101 192 3182 tagii
226 3121 368 3181 rumore,
403 3100 477 3184 jam
512 3098 673 3182 agebatur
708 3099 750 3163 de
781 3099 1009 3163 interdicendo
1040 3099 1236 3164 Tridentino

121 3198 320 3278 commercio,
346 3197 495 3282 adeoque
520 3197 561 3261 de
585 3197 817 3262 interdicenda
841 3197 1007 3262 evadendi
1023 3221 1090 3284 spe.
1114 3201 1237 3283 Ingens

1283 2013 1380 2054 Occasio

1263 2079 1394 2120 translatio·

1302 2145 1347 2186 nis.

122 3294 157 3358 ob
180 3318 251 3359 eam
275 3317 344 3359 rem
369 3295 543 3361 Praesides
568 3298 702 3360 incessit
725 3319 814 3377 cura,
846 3306 943 3379 11101,
978 3318 1149 3381 nunquam
1174 3297 1237 3361 sibi
1268 3289 1272 3298 ’

120 3391 333 3457 obventuram
358 3396 638 3479 opportunitatem
671 3417 733 3458 nec
756 3395 938 3459 faciliorem
961 3417 1023 3458 nec
1047 3396 1237 3480 aequiorem

121 3489 179 3553 alio
203 3490 392 3554 deducendi
414 3490 566 3558 Consilii.
614 3492 657 3555 Et
681 3502 851 3577 praeterea
875 3492 1113 3576 intelligebant,
1139 3495 1165 3556 11
1191 3492 1237 3556 ibi

121 3590 335 3672 persisterent,
368 3589 447 3670 fore,
473 3599 508 3651 ut
532 3589 680 3674 plerique
705 3591 851 3675 episcopi
876 3589 1016 3672 abirent,
1041 3594 1238 3655 remanenti·

121 3682 178 3747 bus
200 3695 329 3750 tantum
354 3687 572 3751 Caesareanis
602 3688 643 3752 ob
676 3698 801 3752 metum
825 3690 1054 3774 Imperatoris3
1087 3689 1238 3775 adeoque

119 3790 153 3842 ut
177 3780 361 3848 Concilium
394 3785 420 3847 si
451 3785 534 3848 forte
565 3785 677 3849 adhuc
701 3788 903 3867 consisteret,
933 3795 1003 3850 tum
1030 3789 1064 3851 in
1089 3789 1129 3852 iis
1153 3808 1238 3872 quae

122 3877 371 3945 decernerentur
400 3882 536 3945 vivente
560 3883 731 3967 Pontifioe,
764 3894 834 3946 tum
866 3886 901 3948 in
926 3886 965 3947 iis
990 3907 1074 3970 quae
1105 3896 1240 3971 possent

123 3980 306 4061 contingere
340 4000 377 4042 eo
407 3981 577 4062 moriente,
612 4003 722 4045 rerum
756 3983 904 4045 omnium
928 3982 1103 4047 arbitrium
1135 4005 1238 4069 penes

121 4068 288 4140 Caesarem
318 4077 412 4141 foret.
459 4077 598 4142 Romam
629 4081 789 4143 miserunt
820 4078 931 4163 legati,
971 4091 1007 4144 ut
1042 4081 1237 4145 Pontificem

191 4287 211 4356 1)
230 4289 302 4343 Η111.
324 4287 352 4345 O.
371 4288 401 4342 T.
422 4289 452 4345 L.
472 4289 550 4344 VlII.
572 4290 600 4346 C.
620 4291 680 4347 XV.
699 4307 726 4345 n.
746 4291 771 4348 8.
