2964 4912
153 2215 158 2228 ι
192 2165 280 2206 saeculi

165 2229 240 2269 XVIII
254 2239 306 2268 con-

204 2291 267 2331 ditio.

430 1412 795 1563 Dissertatio
854 1416 1344 1564 quadragesima

737 1584 1029 1706 secunda.
1108 1703 1111 1710 .

352 1824 416 1905 Ile
445 1825 560 1906 statu
582 1823 809 1906 Ecclesiae
838 1825 1016 1906 saeculo
1046 1825 1221 1909 decimo
1252 1833 1416 1914 octavo.

807 2024 966 2032 —..

417 2172 446 2236 1.
492 2164 648 2244 Eumentc
672 2171 802 2237 saeculo
828 2172 956 2236 decimo
982 2182 1099 2238 octavo
1128 2177 1223 2238 varia
1247 2175 1366 2240 habuit
1387 2177 1436 2240 Ec·

326 2269 426 2334 clesia
450 2269 615 2334 catholica
637 2267 707 2334 fata
730 2268 894 2352 adversa·
911 2293 1079 2357 quumque
1103 2282 1343 2357 postestatem
1368 2275 1436 2340 Ocn-

326 2368 394 2432 cilii
419 2368 607 2432 Tridentini
642 2367 771 2432 felicior
803 2368 930 2453 epocha
963 2369 1071 2433 eidem
1104 2369 1268 2435 illuxisset
1300 2383 1334 2436 et
1366 2373 1437 2437 ultra

325 2465 494 2529 saeculum
525 2464 752 2551 perdurasset,
785 2467 905 2531 iterum
930 2476 1079 2552 tempora
1103 2467 1294 2534 difficiliora
1325 2494 1436 2536 succes·

325 2573 447 2629 serunt.
495 2563 671 2649 Multiplex
701 2565 736 2627 in
760 2564 945 2629 Ecclesiam
970 2575 1041 2630 orta
1066 2576 1115 2630 est
1145 2572 1370 2652 oppugnatio⁷
1402 2573 1437 2634 ita

325 2671 362 2726 ut
384 2653 545 2747 paulatim
569 2662 686 2726 eadem
711 2661 754 2726 ad
778 2671 900 2728 statum
925 2662 1104 2749 quemdam
1128 2667 1354 2750 oppressionis
1377 2690 1436 2732 con·

326 2758 511 2826 duceretur.
559 2760 729 2824 Divinitas
763 2760 898 2846 quidem
922 2760 1094 2825 Ecclesiae
1118 2772 1150 2825 et
1172 2763 1345 2848 religionis
1369 2767 1436 2830 chri-

324 2859 451 2921 stianae
482 2857 742 2942 supernaturalis
765 2859 862 2942 vigor
890 2860 1037 2922 maxime
1065 2860 1185 2924 iterum
1215 2862 1298 2926 inde
1329 2866 1437 2928 enitue-

324 2964 418 3035 runt,
455 2954 668 3041 quodetiam
693 2978 736 3018 ex
758 2957 967 3040 gravissimis
990 2957 1146 3041 periculis
1177 2967 1210 3022 et
1233 2963 1436 3045 oppugnatio-

325 3053 423 3118 nibus
447 3055 574 3117 invicta
599 3052 733 3116 demum
757 3053 909 3117 Ecclesia
931 3053 1106 3138 prodierit,
1136 3065 1168 3120 et
1190 3066 1258 3120 toto
1286 3058 1366 3122 orbe
1387 3069 1435 3121 ter·

324 3172 435 3214 rarum
466 3153 549 3215 miro
574 3150 748 3236 splendore
779 3153 970 3216 missionem
1002 3151 1117 3216 salutis
1141 3155 1330 3239 expleverit
1361 3168 1390 3221 et
1409 3158 1435 3218 in

325 3249 395 3314 dics
419 3247 559 3333 expleat.

414 3346 573 3410 Attamen
596 3346 698 3409 variis
723 3347 758 3409 in
776 3346 970 3430 regionibus
986 3349 1118 3411 interim
1133 3348 1249 3434 religio
1267 3351 1434 3416 christiana

323 3467 421 3532 passa
445 3453 495 3509 est
518 3445 655 3525 damna,
685 3453 785 3529 atque
809 3444 992 3509 identidem
1017 3445 1141 3509 ibidem
1166 3451 1377 3532 perversitas,
1399 3450 1433 3511 in·

325 3541 502 3607 credulitas
526 3551 559 3606 et
579 3542 804 3606 indifferentia
828 3552 942 3606 contra
959 3545 1117 3628 pietatem
1139 3544 1207 3608 fere
1222 3548 1433 3632 praevaluisse

324 3640 535 3724 videbantur.
591 3640 703 3721 Quum
740 3662 818 3704 vcro
854 3642 999 3706 conditio
1036 3652 1222 3707 nostrorum
1262 3654 1431 3732 temporum

325 3762 446 3824 magna
470 3761 512 3802 ex
535 3748 628 3823 parte
653 3748 831 3803 consecuta
854 3741 897 3803 sit
920 3762 962 3803 ex
984 3743 1231 3825 oppugnatione
1255 3743 1314 3807 illa
1337 3746 1369 3807 iu
1384 3742 1431 3806 Ec-

324 3838 472 3919 clesiam,
499 3858 583 3923 quac
607 3837 827 3922 praecedente
851 3847 958 3902 aetate
981 3838 1121 3921 accidit,
1147 3843 1322 3922 convenit,
1347 3849 1380 3903 ut
1400 3839 1429 3902 de

324 3945 411 4001 statu
425 3934 597 4000 Ecclesiae
621 3935 751 3999 saeculo
777 3936 904 4001 decimo
924 3946 1041 4000 octavo
1065 3946 1201 4021 agentes
1225 3939 1294 4002 fata
1314 3937 1367 4002 illa
1387 3935 1429 3999 ad·

323 4056 420 4098 versa
433 4034 598 4097 societatis
611 4033 811 4098 christianae
832 4035 968 4120 speciali
981 4033 1079 4098 modo
1092 4035 1135 4099 ob
1148 4035 1262 4099 oculos
1274 4054 1426 4122 ponamus.

413 4148 442 4214 2.
489 4148 631 4231 Negotia
656 4147 806 4212 difficilia
826 4150 985 4214 Romanis
1000 4150 1220 4214 Pontificibus
1243 4150 1427 4214 facesserunt

322 4245 477 4330 pachomio
509 4247 603 4309 varia
635 4257 734 4332 atque
766 4249 930 4332 imprimis
964 4247 1144 4332 catholica,
1182 4271 1268 4334 quae
1301 4246 1426 4331 indignis
