3288 4900
542 443 653 498 Concilii
673 443 796 510 periodus
815 444 939 498 secunda,
1239 446 1294 498 109

178 608 342 673 regemque
368 585 497 652 Galliae
528 599 677 651 moveret
699 586 742 650 ad
766 587 914 651 favorem
940 587 1074 672 Synodo
1099 589 1287 672 impertien-

178 683 257 748 dum.
302 685 343 748 Id
368 685 542 749 Pontificis
573 686 762 750 auctoritati
793 687 972 749 convenire
1003 686 1191 771 respondit3
1231 686 1290 750 sed

177 781 231 845 hac
252 784 401 868 speciosa
425 784 639 847 excusatione
661 783 808 864 adducta
824 784 986 847 veriorem
1004 786 1124 864 omisit,
1149 784 1212 849 hoc
1228 794 1287 866 est,

178 878 317 944 Caesaris
356 880 467 944 officia
499 879 655 945 obfutura
694 883 804 966 potius
843 903 942 966 quam
972 882 1154 966 profutura.
1202 882 1292 946 Aliis

175 986 274 1041 autem
305 980 417 1063 petitis
447 979 605 1043 accedere
630 977 752 1043 Caesar
783 990 934 1064 paratum
961 979 1104 1043 ostendit
1127 981 1286 1044 animum.

174 1075 211 1137 Et
232 1076 319 1160 quod
347 1077 420 1161 jam
443 1076 600 1142 Pontifex
624 1077 823 1155 adverterat,
855 1077 889 1141 id
922 1080 1068 1142 maxime
1092 1077 1287 1164 Imperatori

172 1183 293 1254 gratum
317 1195 388 1238 esse
406 1172 606 1240 Granvellus
629 1175 842 1260 significavit,
868 1175 1035 1256 videlicet,
1061 1185 1096 1239 ut
1121 1178 1185 1240 cito
1204 1176 1290 1240 Con·

172 1269 275 1335 cilium
316 1271 359 1335 ad
394 1272 494 1336 finem
533 1273 779 1358 perduceretur.
834 1273 1085 1360 Expeditiorem
1123 1275 1287 1338 rationem

171 1367 227 1431 sibi
251 1368 373 1451 videri,
414 1374 440 1435 si
472 1371 628 1438 Pontifex
664 1371 705 1434 de
736 1373 901 1436 sententia
936 1375 1083 1436 virorum
1123 1373 1292 1457 sapientia

171 1467 338 1553 studioque
362 1467 531 1553 religionis
555 1471 794 1555 praestantium
819 1469 966 1554 diploma
998 1470 1183 1551 conficeret,
1215 1471 1286 1533 uni-

171 1587 291 1630 versam
317 1567 738 1632 morum‘emendationem
763 1568 995 1653 complectens,
1021 1567 1109 1654 quod
1125 1566 1182 1631 ubi
1200 1589 1290 1631 com·

170 1661 357 1746 probaretur
381 1666 415 1728 in
440 1663 575 1749 Synodo
600 1689 620 1730 a
643 1664 798 1730 Patribus
823 1665 977 1731 Pontifici
1009 1688 1048 1730 ac
1073 1665 1206 1730 Caesari
1231 1666 1289 1730 ob—

170 1762 385 1846 sequentibus,
412 1773 570 1848 quantum
596 1763 643 1828 illi
669 1765 900 1849 suffragiorum
925 1786 1007 1850 opus
1030 1774 1123 1845 esset,
1148 1765 1289 1827 minime

170 1857 361 1924 defuturum.
410 1861 577 1946 Dogmata
607 1883 685 1926 vero
716 1861 828 1926 aiebat
859 1861 913 1926 ille
943 1863 1064 1948 partim
1088 1862 1160 1946 jam
1184 1863 1290 1926 fuisse

169 1961 298 2038 sancita,
322 1961 443 2044 partim
461 1981 520 2044 per
535 1971 705 2045 susceptos
721 1983 741 2023 a
756 1960 962 2024 Tridentinis
976 1958 1132 2024 Patribus
1155 1959 1289 2024 labores

169 2055 241 2120 adeo
273 2058 423 2121 discussa
453 2068 486 2121 et
516 2057 658 2141 digesta,
697 2067 734 2121 ut
763 2067 929 2143 postrema
949 2057 1090 2121 'illorum
1121 2057 1289 2123 absolutio

168 2152 270 2218 brevis
301 2157 459 2240 temporis
492 2176 574 2241 opus
608 2156 773 2221 evaderet.
821 2157 932 2241 Atque
964 2177 1005 2218 ex
1038 2155 1089 2219 his
1119 2158 1283 2240 apparuit,

168 2251 259 2316 aliam
283 2264 364 2317 tunc
387 2276 427 2317 ac
451 2255 543 2338 prius
567 2254 668 2317 fuisse
694 2253 845 2318 Caesaris
870 2265 902 2317 et
925 2253 1190 2318 consiliariorum
1214 2254 1290 2339 ejus

168 2349 203 2412 de
233 2373 363 2415 morum
395 2354 604 2438 reparatione
635 2354 842 2418 sententiam.
898 2353 1031 2418 Etenim
1067 2374 1170 2438 quum
1200 2352 1286 2416 nihil

167 2458 256 2513 antea
280 2451 425 2534 pressius
448 2449 680 2532 inculcassent,
707 2451 943 2514 contendentes
967 2460 1004 2514 ut
1027 2473 1066 2514 ea
1090 2460 1175 2514 esset
1192 2472 1288 2535 prae*

168 2546 295 2630 cipuum
329 2556 362 2610 et
393 2549 488 2632 quasi
522 2549 659 2612 unicum
695 2570 777 2633 opus
811 2547 963 2628 Consilii,
1004 2547 1083 2612 dum
1119 2570 1178 2633 per
1210 2571 1288 2612 cam

167 2642 360 2710 Germaniae
383 2646 498 2710 turbas
523 2646 768 2731 componendas
800 2645 980 2732 putabant3
1012 2653 1126 2730 postea
1157 2649 1287 2731 experi-

167 2752 268 2807 mento
294 2743 382 2806 docti
408 2754 657 2828 perspexerant,
683 2745 824 2808 decretis
848 2744 889 2808 de
905 2766 1033 2807 morum
1051 2743 1287 2808 emendatione

165 2840 329 2905 turbarum
366 2842 622 2906 exstinctionem
662 2844 847 2928 exspectari
886 2863 953 2906 non
988 2862 1094 2926 posse.
1147 2842 1287 2906 Etenim·

166 2950 363 3025 compertum
382 2940 456 3025 jam
473 2949 552 3022 erat,
577 2963 619 3004 ne
643 2942 789 3004 mitiores
813 2940 949 3026 quidem
974 2939 1170 3024 disciplinae
1193 2939 1286 3023 leges

165 3047 255 3102 antea
278 3038 362 3102 latas
385 3058 483 3123 posse
508 3040 665 3103 intereos
689 3041 876 3102 animorum
901 3048 1011 3103 aestus
1035 3037 1078 3102 ad
1091 3058 1187 3100 usum
1211 3061 1282 3123 per-

166 3134 244 3202 duci.
292 3137 530 3220 Praeterquam
554 3137 642 3222 quod
666 3136 913 3222 perspiciebant
937 3157 1073 3220 sagaces
1096 3137 1281 3200 aestimato·
1324 3169 1325 3174 κ

164 3255 219 3316 res,
244 3234 345 3299 multo
370 3233 443 3318 plus
467 3233 715 3298 reformandum
740 3235 775 3296 in
800 3234 947 3298 moribus
972 3234 1145 3297 civitatum
1164 3233 1281 3298 Caesa-

164 3353 232 3396 reae
254 3354 353 3418 quam
379 3331 574 3396 Pontificiae
598 3331 775 3412 ditionis.¹)

246 3431 297 3496 63.
347 3429 459 3509 Quum
491 3431 593 3513 igitur
623 3438 694 3492 tum
720 3427 857 3494 Carolus
881 3429 922 3512 V,
955 3439 1025 3492 tum
1056 3428 1223 3492 Heuricus
1246 3430 1280 3493 ll
1305 3436 1445 3536 {wussiffl

166 3525 306 3593 Concilio
331 3527 530 3592 celebrando
555 3538 749 3606 annuerent,
783 3526 894 3592 Julius
917 3526 969 3590 ΙΙΙ
995 3526 1141 3611 diploma
1165 3527 1278 3603 edidit,
1325 3508 1449 3539 ‘mmmm‘

165 3646 222 3708 quo
246 3625 418 3712 Synodum
451 3627 565 3689 statuit
596 3625 650 3688 die
677 3627 712 3688 1⁰
735 3625 818 3688 Maii
850 3648 879 3689 a.
908 3624 991 3690 1551
1017 3623 1167 3688 Tridenti
1194 3649 1278 3690 resa·

165 3725 299 3788 mendam
323 3735 352 3787 ct
369 3724 624 3810 prosequendam
648 3745 721 3788 asse.
752 3721 892 3787 Concilii
917 3721 1062 3806 legatum
1088 3721 1277 3805 destinavit,

166 3841 259 3903 quum
281 3821 442 3886 adhibere
468 3821 648 3884 Cervinum
680 3842 746 3883 non
775 3819 889 3883 liceret
913 3821 1012 3884 nimis
1036 3843 1055 3882 a
1080 3804 1227 3885 Caesare*
1244 3824 1278 3886 in

165 3914 247 3982 hisce
277 3920 376 3984 rebus
410 3917 565 4000 alienum,
595 3916 787 3981 Marcellum
814 3915 1025 3982 Cardinalem
1051 3918 1278 3984 Crescentium

164 4011 351 4080 Romanum.
383 4015 553 4100 Collegam
578 4014 624 4079 illi
650 4037 715 4078 non
741 4014 882 4097 addidit,
907 4025 976 4078 tum
1002 4037 1066 4100 quo
1092 4017 1282 4102 sumptibus

232 4230 251 4296 ¹)
268 4229 301 4286 V.
321 4229 451 4286 Pallavic.
471 4229 501 4282 L.
521 4229 568 4282 Xl,
590 4229 639 4284 CC,
659 4229 707 4282 IX.
729 4227 761 4280 X.
