3020 4908
328 475 368 528 De
386 473 606 528 Febronianismo
625 488 658 526 ao
675 473 708 527 de
726 471 932 540 Jossphtnismo.
1139 473 1192 526 421

70 618 145 682 licet
168 618 334 683 auxilium
358 617 596 702 guberniorum
622 614 789 696 civilium,
825 636 967 679 examen
990 614 1193 678 Litterarum
1275 679 1277 683 ,

70 717 241 782 Pontificis
272 726 449 803 antequam
480 715 715 796 admittantur,
751 712 988 799 appellationes
1019 713 1061 777 ab
1084 713 1192 776 abusu

71 825 105 880 et
122 817 346 881 resistentiam
371 824 485 880 contra
509 814 735 897 arrogationes
758 811 955 898 pontificias.

155 914 210 979 57.
266 913 450 978 Febronius
485 912 653 976 doctrinas
687 911 944 975 Protestantium
980 920 1012 974 et
1046 909 1192 974 Richerii

71 1011 106 1074 de
129 1011 267 1099 subjecto
285 1012 457 1098 potestatis
482 1008 710 1074 ecclesiasticae
732 1008 925 1089 renovabat,
951 1011 1193 1094 quamviscon-

71 1109 229 1192 tenderet,
252 1132 289 1174 se
313 1132 380 1175 non
405 1131 480 1172 cum
496 1108 650 1172 Richerio
676 1106 729 1170 vol
746 1129 821 1171 cum
837 1106 1110 1188 Protestantibus,
1133 1106 1194 1170 scd

71 1227 142 1270 cum
156 1204 346 1271 Gallicanis
371 1207 567 1271 consentire.
607 1205 738 1269 Revera
762 1206 862 1268 etiam
887 1204 1068 1269 identidem
1086 1205 1195 1269 studet

70 1303 226 1387 probare,
261 1306 531 1368 constitutionem
556 1302 726 1366 Ecclesiae
758 1324 824 1366 non
849 1303 1104 1367 democraticum
1137 1301 1194 1366 sed

71 1402 330 1466 aristocraticam
362 1425 451 1483 esse,
487 1423 527 1465 ac
551 1401 734 1484 generatim
766 1399 1084 1464 contradictionibus
1113 1422 1195 1486 opus

72 1497 227 1564 Febronii
254 1508 367 1565 scatet.
415 1499 490 1564 Hoc
514 1500 592 1562 inde
616 1499 786 1584 provenit,
817 1498 905 1582 quod
928 1497 1049 1562 librum
1072 1500 1195 1584 compi·

69 1594 150 1660 lavit
173 1619 217 1662 ex
242 1597 399 1684 operibus
424 1597 690 1661 adversariorum
708 1595 776 1662 stt.
792 1595 1002 1678 Pontificum,
1028 1599 1085 1681 qui
1109 1598 1195 1660 inter

71 1715 103 1756 se
126 1717 193 1760 non
218 1695 467 1760 conveniebant
491 1694 549 1759 sed
566 1696 717 1780 opposita
733 1694 899 1760 tenebant.
942 1692 1093 1759 Clemens
1109 1695 1195 1760 XIII

72 1812 98 1854 a.
123 1793 211 1858 1764
243 1793 365 1858 librum
391 1793 587 1858 Hontheimi
612 1793 802 1874 damnavit,
834 1791 988 1878 illiusque
1018 1793 1194 1858 lectionem

72 1890 166 1954 etiam
204 1891 357 1957 nonnulli
394 1893 541 1977 episcopi
577 1889 777 1956 Germaniae
812 1891 845 1953 in
882 1892 949 1956 suis
989 1890 1195 1956 dioecesibus

72 1987 322 2070 prohibuerunt.
354 1990 448 2054 Varii
465 1988 585 2053 cruditi
604 1989 690 2051 inter
701 2009 782 2073 quos
794 1989 941 2052 eminent
950 1989 1107 2054 Zaccaria
1118 1989 1150 2055 S.
1162 1991 1194 2057 J.

74 2084 330 2172 (Antifebronio,
354 2089 483 2152 Pisauri
503 2086 605 2168 1767,
629 2084 882 2150 Antifebronius
899 2086 1098 2170 vindicatus,
1116 2087 1196 2152 Cae·

72 2203 166 2248 senae
194 2188 313 2267 1771);
344 2187 463 2250 Viator
485 2208 505 2249 a
530 2183 670 2248 Cocaleo
696 2183 887 2269 Capucinus
921 2185 1036 2267 (Italus
1068 2186 1112 2251 ad
1136 2187 1195 2250 Fe·

73 2277 237 2366 bronium,
263 2283 552 2364 Tridenti1774);
577 2282 745 2346 Mamachi
770 2280 810 2347 0.
829 2280 861 2347 S.
879 2283 921 2360 D,
947 2282 1128 2368 (Epistulae
1151 2283 1196 2347 ad

72 2377 286 2461 demonium,
311 2382 437 2445 Romae
463 2379 583 2466 1776);
608 2379 725 2444 Petrus
747 2379 906 2444 Ballerini
929 2381 1082 2446 sacerdos
1096 2382 1196 2446 Vero-

73 2481 180 2542 nensis
214 2480 279 2562 (De
316 2489 478 2564 potestate
511 2478 736 2542 ecclesiastica
759 2477 971 2568 Summarum
994 2479 1195 2565 Pontificum

73 2583 103 2635 et
115 2573 340 2640 Consiliorum
359 2576 573 2660 generalium,
598 2576 751 2640 Veronae
769 2576 879 2663 1768),
903 2577 1057 2640 eumdem
1073 2575 1194 2641 librum

74 2669 272 2741 doctissimis
297 2676 428 2758 scriptis
445 2674 669 2739 confutarunt.
708 2672 775 2738 Sed
790 2673 977 2739 Febronius
992 2696 1059 2740 non
1076 2697 1196 2740 curans

72 2765 242 2836 Pontificis
266 2783 299 2836 et
313 2771 441 2858 aliquot
455 2774 685 2858 episcoporum
706 2773 974 2857 proscriptiones,
999 2794 1081 2858 opus
1098 2795 1194 2836 suum

73 2863 154 2932 fictis
178 2870 241 2935 sub
266 2869 457 2934 nominibus
483 2870 707 2952 (Justinianus
730 2891 846 2950 novus,
872 2870 1019 2935 Joannes
1036 2869 1194 2955 Clericus,

74 2961 176 3032 Aulus
200 2968 384 3050 Jordanus)
415 2969 519 3032 tuitus
543 2979 609 3049 ast,
645 2970 741 3052 eique
773 2989 860 3031 anno
889 2969 973 3032 1774
1002 2979 1068 3034 tres
1091 2991 1195 3034 novos

73 3069 173 3129 tomos
205 3066 346 3152 adjecit,
383 3067 417 3130 in
443 3065 564 3152 quibus
596 3066 762 3150 principia
793 3067 900 3150 primo
925 3065 1093 3130 volumine
1123 3089 1195 3152 pro·

74 3163 176 3242 posita
199 3163 336 3228 uberius
361 3162 487 3228 evolvit
510 3186 549 3228 ac
574 3175 743 3249 praeterea
759 3163 880 3228 multas
895 3186 1000 3228 novas
1016 3167 1196 3230 sententias

74 3260 215 3338 protulit.
264 3259 330 3326 Sed
363 3263 462 3327 etiam
494 3263 640 3346 practice
671 3263 860 3325 auctoritati
884 3261 922 3327 R.
947 3261 1118 3326 Pontificis
1148 3264 1194 3328 in-

75 3352 266 3442 fringendae
298 3357 525 3441 adlaboravit3
562 3360 684 3423 etenim
715 3360 815 3422 trium
847 3359 1036 3424 Electorum
1067 3360 1195 3425 litterae

76 3451 114 3515 ad
130 3455 367 3542 imperatorem
392 3479 479 3520 anno
504 3455 589 3520 1770
614 3456 758 3521 directae
783 3457 1083 3522 contraPontificis
1108 3467 1194 3543 pote·

75 3557 187 3618 statem
218 3553 261 3617 ab
286 3555 357 3639 ipso
382 3555 532 3638 signatae
564 3576 604 3618 ac
626 3553 710 3618 forte
734 3555 904 3618 confectae
932 3566 1018 3622 sunt.
1046 3592 1082 3603 -
1109 3557 1194 3620 Tan·

76 3644 147 3712 dem
169 3673 259 3716 anno
282 3652 368 3716 1778
393 3651 576 3716 Hontheim
601 3673 638 3716 eo
663 3651 828 3716 adductus
852 3661 910 3734 est,
936 3662 972 3716 ut
994 3655 1194 3718 retractatio-

76 3764 147 3810 nem
173 3772 319 3815 arrorum
335 3772 470 3814 suorum
485 3750 614 3832 ederet3
638 3752 784 3836 primum
802 3751 936 3836 quidem
954 3760 1082 3816 tantum
1098 3773 1194 3836 gene-

76 3843 132 3906 rali
157 3847 301 3932 quadam
325 3849 472 3929 rationa;
508 3847 565 3911 sed
590 3870 692 3933 quum
716 3847 879 3934 ejusmodi
903 3847 1034 3914 libellus
1057 3870 1123 3913 non
1148 3850 1194 3913 in·

78 3945 241 4010 veniretur
265 3945 451 4028 sufficiens,
487 3944 581 4009 brevi
604 3956 679 4031 post
702 3948 970 4010 Retractationem
998 3945 1096 4031 plane
1120 3968 1194 4012 con·

77 4056 187 4129 gruam
221 4041 322 4124 dedit.
377 4043 534 4135 Attamen
568 4043 668 4107 nimis
701 4044 730 4106 ei
769 4042 990 4107 adhaeserant
1021 4046 1195 4130 opiniones

78 4152 237 4206 erroneae.
284 4141 417 4205 Etenim
450 4139 547 4227 paulo
572 4152 646 4225 post
676 4141 784 4205 editus
812 4141 875 4205 fuit
905 4140 948 4205 ab
973 4143 1044 4228 ipso
1068 4142 1195 4207 Justiui

77 4229 221 4303 Febrontt
233 4240 262 4304 J
263 4235 314 4316 ‚Cti
332 4237 579 4304 Commentarius
594 4239 628 4302 in
644 4261 734 4302 suom
747 4240 1013 4305 retractationem.
1038 4240 1192 4325 Francos.
