3018 4902
318 473 371 528 158
605 473 763 530 XXXVIII.
777 473 823 528 =De
842 472 960 529 Consilio
978 472 1145 526 Tridentino.

163 621 294 723 3¹⁸⁰¹¹⁸⁵¹2
318 621 482 703 apparuit.
522 607 565 682 Ul
588 617 801 702 intelligatur,
823 639 925 703 quam
948 619 1060 700 gravis
1077 627 1109 680 et
1125 616 1318 680 discrimine
1341 617 1432 703 plena
1496 687 1497 690 Ἴ

147 695 404 796 ’ψῖζῖἶξῗ.,θεεεθῐ
427 717 490 780 iste
514 717 662 801 quaestio
687 715 728 779 de
752 717 959 778 institutione
984 717 1224 800 episcoporum,
1244 714 1379 800 juvabit
1393 737 1435 778 re·
1498 737 1499 740 ¹

317 813 402 878 ferre
433 836 518 900 quae
559 814 754 877 acciderunt
792 814 826 876 in
860 811 1125 896 Congregatione
1155 812 1231 876 Kal.
1262 813 1434 877 Decemhr.
1496 795 1499 916 l

316 934 347 974 a.
374 911 459 976 1562
483 911 607 975 hahita.
655 910 817 974 Melchior
845 911 1113 974 Avosmedianus
1138 912 1314 995 episcopus
1342 909 1435 976 Gadi·
1495 917 1498 955 ἕ

318 1019 414 1073 tanus
438 1010 636 1073 sententiam
661 1032 754 1073 suam
779 1030 949 1094 exponens
973 1009 1018 1073 de
1031 1010 1142 1073 verbis
1166 1012 1303 1074 canonis
1328 1032 1436 1095 propo·

317 1109 381 1190 siti,
411 1109 446 1171 in
471 1129 535 1192 quo
559 1107 756 1188 habebatur,
791 1109 964 1193 episcopos
987 1130 1007 1171 a
1030 1108 1178 1172 Romano
1202 1107 1367 1171 Pontifics
1388 1129 1437 1170 vo-

317 1207 384 1269 cari
410 1207 443 1268 in
468 1215 596 1290 partem
620 1204 862 1286 sollicitudinis,
887 1215 919 1268 et
935 1205 977 1268 ab
994 1227 1032 1268 eo
1050 1215 1235 1290 assumptos
1250 1227 1333 1269 esse
1349 1228 1437 1270 veros

317 1304 498 1388 episcopos,
522 1302 654 1389 objecit,
678 1302 839 1366 laxiorem
862 1303 1039 1388 minusque
1061 1303 1237 1366 limitatam
1256 1303 1435 1368 dictionem

315 1401 543 1466 adhibendam
568 1423 647 1481 esse,
672 1411 846 1487 propterea
870 1401 969 1486 quod,
995 1402 1022 1464 si
1046 1402 1121 1486 quis
1145 1401 1329 1464 secundum
1359 1403 1437 1486 Apo·

317 1499 474 1564 stolorum
502 1500 736 1584 Nicaenaeque
767 1497 893 1583 Synodi
935 1521 1078 1562 canones
1116 1499 1303 1584 eligeretur,
1348 1521 1438 1563 verus

316 1599 492 1682 episcopus
536 1597 708 1677 evaderet,
755 1599 886 1660 tametsi
932 1620 951 1661 a
989 1597 1137 1661 Romano
1175 1597 1343 1662 Pontidce
1381 1619 1440 1661 non

314 1705 524 1780 assumptus,
571 1715 674 1780 quum
719 1694 822 1758 iidem
868 1716 1012 1758 oenones
1061 1695 1190 1773 dicant,
1239 1693 1336 1758 illum
1378 1717 1440 1758 esse
1498 1773 1499 1778 ἵ

316 1792 518 1858 initiandum
550 1793 881 1877 consecrandumque
904 1815 923 1855 a
947 1793 1209 1877 metropolitano,
1242 1792 1337 1856 nulla
1361 1793 1442 1857 facta
1498 1779 1499 1844 s

315 1891 458 1954 Romani
481 1890 654 1955 Pontifiois
686 1892 864 1953 mentione.
910 1889 981 1953 Neo
1005 1913 1078 1954 eam
1110 1891 1389 1955 consuetudinem
1412 1893 1440 1954 in

317 1988 468 2052 Ecclesia
498 1987 722 2052 universalem
756 1988 872 2070 videri,
904 1999 941 2050 ut
971 1988 1127 2052 Pontifex
1151 1988 1269 2074 eligat3
1305 1989 1441 2074 Chryso·

316 2099 471 2168 atomum,
496 2087 682 2169 Nicolaum,
707 2084 933 2168 Ambrosium,
958 2072 1183 2171 Augustinum
1201 2100 1234 2150 et
1247 2086 1440 2151 aliosfuisse

315 2183 454 2269 quidem
478 2186 651 2269 episcopos
673 2208 693 2248 a
717 2184 866 2248 Romano
891 2183 1052 2247 Pontifice
1078 2207 1143 2248 nou
1172 2185 1304 2250 electos.
1357 2185 1441 2266 Quin

316 2283 417 2346 etiam
441 2282 484 2346 ab
509 2282 758 2368 archiepiscopo
784 2281 1028 2366 Salisburgensi
1053 2292 1194 2367 quatuor
1218 2283 1442 2368 suffraganeos

316 2402 394 2444 suos
419 2383 533 2461 creari,
558 2379 643 2444 nihil
667 2382 701 2444 in
726 2403 764 2445 eo
789 2381 995 2444 auctoritatis
1019 2391 1193 2445 exercente
1216 2381 1255 2446 R.
1272 2381 1441 2446 Pontifice.

320 2515 362 2526 --
387 2477 499 2542 Facile
522 2479 629 2561 vides,
662 2501 761 2564 quam
785 2479 941 2542 scabrosa
964 2480 1114 2564 quaestio
1140 2479 1196 2543 illa
1219 2481 1382 2546 evenerit.
1407 2517 1443 2526 -

317 2575 375 2639 Ad
399 2575 481 2640 haec
505 2575 698 2657 simonetta,
724 2600 765 2641 ne
790 2578 901 2663 opinio
926 2577 1009 2641 falsa
1031 2577 1162 2641 radices
1185 2586 1309 2660 ageret,
1340 2579 1443 2664 ipsum

319 2673 450 2759 placide
483 2673 717 2759 interpellavit,
754 2677 948 2760 monuitque
983 2674 1018 2738 id
1048 2675 1120 2738 fieri
1151 2697 1170 2738 a
1201 2673 1444 2759 Salisburgensi

318 2774 526 2836 auctoritate·
553 2795 593 2836 ac
632 2773 809 2858 privilegio
847 2772 1028 2858 pontificio.
1080 2773 1165 2836 Cum
1198 2782 1311 2836 autem
1347 2775 1444 2838 Aves·
1496 2797 1497 2802 ¹

318 2870 494 2935 medianus
517 2881 656 2956 rogaret,
681 2882 718 2934 ut
740 2871 805 2935 sibi
829 2891 1014 2934 sermonem
1039 2872 1191 2957 prosequi
1209 2859 1445 2936 concederetur

318 2967 364 3031 ad
387 2990 479 3032 auam
505 2971 702 3034 sententiam
728 2970 972 3054 exponendam,
997 2969 1135 3053 quidam
1159 2969 1268 3034 studio
1292 2973 1370 3035 sive
1394 2973 1444 3034 im·

321 3067 490 3130 modersto
524 3069 595 3132 sive
625 3069 779 3132 affectato
813 3066 1072 3147 conclamarunt,
1105 3068 1296 3145 dimittatur,
1327 3068 1388 3132 alii
1415 3069 1443 3131 in

321 3184 438 3227 vocem
466 3162 645 3229 Auattema
678 3175 711 3228 et
740 3164 928 3229 consimiles
967 3165 1183 3230 contumelias
1214 3177 1444 3251 proruperunt.

201 3316 204 3325 .
320 3261 388 3324 Alii
420 3264 530 3325 conati
561 3273 647 3347 sunt,
678 3273 737 3327 aut
767 3262 891 3348 pedum
920 3261 1132 3347 supplosione
1163 3271 1221 3326 aut
1249 3262 1351 3327 sibilo
1376 3283 1444 3327 eum

321 3359 497 3443 impedire;
522 3362 608 3424 inter
624 3361 828 3425 ardentiores
844 3361 978 3425 fuerunt
994 3361 1140 3425 Thomas
1158 3359 1308 3425 Oaselius
1326 3363 1445 3446 episco-

318 3479 383 3541 pus
399 3455 560 3522 Oavensis
572 3469 605 3522 et
616 3460 638 3524 J
641 3481 765 3524 oannes
779 3460 988 3523 Trivisianue
1005 3459 1224 3523 Venetiarum
1242 3458 1444 3524 Patriarcha.

321 3556 446 3621 Verum
471 3557 506 3619 id
523 3558 611 3643 quod
636 3578 751 3621 omnes
765 3558 931 3620 ⁴transivit
954 3555 1238 3620 immoderationis
1257 3557 1444 3640 impruden·

319 3655 453 3739 tiaeque
477 3655 569 3739 fines,
602 3657 665 3719 fuit
687 3654 806 3741 culpae
830 3653 979 3718 dilatatio
1004 3653 1046 3716 ab
1071 3675 1137 3718 uno
1162 3655 1271 3738 capite
1301 3653 1348 3717 ad
1372 3655 1444 3718 inte·

319 3773 413 3836 gram
439 3753 618 3817 nationem.
658 3752 830 3837 Siquidem
854 3751 918 3814 fuit
941 3752 998 3836 qui
1024 3751 1128 3814 dixit:
1157 3750 1254 3832 „Plus
1277 3751 1444 3816 molestiae

321 3850 418 3914 nobis
435 3851 575 3914 infertur
588 3851 632 3914 ab
649 3851 720 3914 istis
733 3851 903 3934 Hispanis,
926 3850 985 3934 ¹qui
997 3846 1188 3913 ¹(latholicos
1207 3858 1322 3933 agunt,
1350 3867 1444 3934 quam

321 3947 364 4012 ab
388 3949 469 4033 ipsis
502 3949 708 4013 haereticis.“
757 3949 843 4012 Tum
872 3947 1032 4010 iracunde
1058 3947 1220 4031 Hispani:
1255 3944 1444 4028 „Haeretici

320 4047 399 4109 estis
423 4048 515 4127 vos“,
539 4047 792 4130 responderunt.
838 4047 877 4109 In
902 4056 969 4107 tam
994 4046 1089 4128 gravi
1114 4043 1367 4128 perturbatione
1392 4043 1444 4103 vix

322 4146 542 4228 impetrarunt
552 4145 680 4227 Legati,
697 4154 733 4207 ut
743 4145 987 4228 permitteretur
999 4142 1246 4206 Avosmediano
1262 4159 1444 4204 sermonem

321 4242 485 4327 prosequi,
510 4247 609 4327 quern
626 4252 818 4326 prosecutus
843 4248 1037 4304 cunctorum
1063 4259 1150 4326 quae·
1172 4238 1304 4303 dixerat
1319 4248 1444 4302 senten-
