<?xml version="1.0" encoding="UTF-8"?>
<!DOCTYPE html PUBLIC "-//W3C//DTD XHTML 1.0 Transitional//EN"
    "http://www.w3.org/TR/xhtml1/DTD/xhtml1-transitional.dtd">
<html xmlns="http://www.w3.org/1999/xhtml" xml:lang="en" lang="en">
 <head>
  <title>
</title>
<meta http-equiv="Content-Type" content="text/html;charset=utf-8" />
  <meta name='ocr-system' content='tesseract 3.04.00' />
  <meta name='ocr-capabilities' content='ocr_page ocr_carea ocr_par ocr_line ocrx_word'/>
</head>
<body>
  <div class='ocr_page' id='page_1' title='image "./dissertationess03junggoog_0417.png"; bbox 0 0 3020 4908; ppageno 0'>
   <div class='ocr_carea' id='block_1_1' title="bbox 344 495 1280 554">
    <p class='ocr_par' dir='ltr' id='par_1_1' title="bbox 344 495 1280 554">
     <span class='ocr_line' id='line_1_1' title="bbox 344 495 1280 554; baseline 0.002 -2"><span class='ocrx_word' id='word_1_1' title='bbox 344 499 399 554; x_wconf 85' lang='lat'><strong>404</strong></span> <span class='ocrx_word' id='word_1_2' title='bbox 533 496 620 553; x_wconf 87' lang='lat' dir='ltr'>XLII.</span> <span class='ocrx_word' id='word_1_3' title='bbox 657 497 698 550; x_wconf 91' lang='lat' dir='ltr'><strong>De</strong></span> <span class='ocrx_word' id='word_1_4' title='bbox 716 501 793 550; x_wconf 86' lang='lat' dir='ltr'><strong>statu</strong></span> <span class='ocrx_word' id='word_1_5' title='bbox 811 495 947 550; x_wconf 79' lang='lat' dir='ltr'><strong>Ecclesiae</strong></span> <span class='ocrx_word' id='word_1_6' title='bbox 966 511 1034 553; x_wconf 87' lang='lat' dir='ltr'><strong>saec.</strong></span> <span class='ocrx_word' id='word_1_7' title='bbox 1053 496 1155 550; x_wconf 89' lang='lat' dir='ltr'><strong>decimo</strong></span> <span class='ocrx_word' id='word_1_8' title='bbox 1174 503 1280 554; x_wconf 89' lang='lat' dir='ltr'><strong>octavo.</strong></span> 
     </span>
    </p>
   </div>
   <div class='ocr_carea' id='block_1_2' title="bbox 198 638 1488 3667">
    <p class='ocr_par' dir='ltr' id='par_1_2' title="bbox 198 638 1488 3667">
     <span class='ocr_line' id='line_1_2' title="bbox 198 638 1447 723; baseline -0.001 -17"><span class='ocrx_word' id='word_1_9' title='bbox 198 651 307 690; x_wconf 71' lang='lat' dir='ltr'><strong>P1¹¹⁸V1-</strong></span> <span class='ocrx_word' id='word_1_10' title='bbox 435 642 488 706; x_wconf 82' lang='lat'><strong>34.</strong></span> <span class='ocrx_word' id='word_1_11' title='bbox 534 642 613 704; x_wconf 79' lang='lat' dir='ltr'><strong>Piae</strong></span> <span class='ocrx_word' id='word_1_12' title='bbox 628 640 678 704; x_wconf 94' lang='lat' dir='ltr'><strong>VI</strong></span> <span class='ocrx_word' id='word_1_13' title='bbox 695 645 735 723; x_wconf 82' lang='lat' dir='ltr'><strong>(a.</strong></span> <span class='ocrx_word' id='word_1_14' title='bbox 762 638 1164 720; x_wconf 78' lang='lat' dir='ltr'><strong>1775-1799).-P0st</strong></span> <span class='ocrx_word' id='word_1_15' title='bbox 1181 639 1360 704; x_wconf 86' lang='lat' dir='ltr'><strong>Clementis</strong></span> <span class='ocrx_word' id='word_1_16' title='bbox 1374 644 1447 705; x_wconf 89' lang='lat' dir='ltr'><strong>XIV</strong></span> 
     </span>
     <span class='ocr_line' id='line_1_3' title="bbox 345 736 1447 822; baseline 0.001 -19"><span class='ocrx_word' id='word_1_17' title='bbox 345 739 473 803; x_wconf 92' lang='lat' dir='ltr'><strong>obitum</strong></span> <span class='ocrx_word' id='word_1_18' title='bbox 498 737 692 803; x_wconf 84' lang='lat' dir='ltr'><strong>Cardinales</strong></span> <span class='ocrx_word' id='word_1_19' title='bbox 716 737 770 801; x_wconf 93' lang='lat' dir='ltr'><strong>die</strong></span> <span class='ocrx_word' id='word_1_20' title='bbox 793 736 832 802; x_wconf 84' lang='lat'><strong>5⁰</strong></span> <span class='ocrx_word' id='word_1_21' title='bbox 855 736 1010 802; x_wconf 83' lang='lat' dir='ltr'><strong>Octobris</strong></span> <span class='ocrx_word' id='word_1_22' title='bbox 1034 736 1193 801; x_wconf 85' lang='lat' dir='ltr'><strong>conclave</strong></span> <span class='ocrx_word' id='word_1_23' title='bbox 1217 741 1356 822; x_wconf 87' lang='lat' dir='ltr'><strong>ingressi</strong></span> <span class='ocrx_word' id='word_1_24' title='bbox 1376 752 1447 820; x_wconf 87' lang='lat' dir='ltr'><strong>sunt,</strong></span> 
     </span>
     <span class='ocr_line' id='line_1_4' title="bbox 345 834 1446 923; baseline 0.001 -22"><span class='ocrx_word' id='word_1_25' title='bbox 345 847 444 923; x_wconf 91' lang='lat' dir='ltr'><strong>atque</strong></span> <span class='ocrx_word' id='word_1_26' title='bbox 468 839 503 901; x_wconf 94' lang='lat' dir='ltr'><strong>in</strong></span> <span class='ocrx_word' id='word_1_27' title='bbox 528 837 644 901; x_wconf 89' lang='lat' dir='ltr'><strong>eodem</strong></span> <span class='ocrx_word' id='word_1_28' title='bbox 666 837 880 922; x_wconf 89' lang='lat' dir='ltr'><strong>perstiterunt</strong></span> <span class='ocrx_word' id='word_1_29' title='bbox 903 857 1008 919; x_wconf 91' lang='lat' dir='ltr'><strong>usque</strong></span> <span class='ocrx_word' id='word_1_30' title='bbox 1028 834 1071 898; x_wconf 89' lang='lat' dir='ltr'><strong>ad</strong></span> <span class='ocrx_word' id='word_1_31' title='bbox 1088 835 1176 899; x_wconf 91' lang='lat' dir='ltr'><strong>diem</strong></span> <span class='ocrx_word' id='word_1_32' title='bbox 1196 836 1277 900; x_wconf 80' lang='lat' dir='ltr'>15um</span> <span class='ocrx_word' id='word_1_33' title='bbox 1294 837 1446 902; x_wconf 83' lang='lat' dir='ltr'><strong>Februarii</strong></span> 
     </span>
     <span class='ocr_line' id='line_1_5' title="bbox 344 932 1448 1021; baseline 0 -20"><span class='ocrx_word' id='word_1_34' title='bbox 344 960 372 1003; x_wconf 91' lang='lat' dir='ltr'><strong>a.</strong></span> <span class='ocrx_word' id='word_1_35' title='bbox 400 935 496 1001; x_wconf 83' lang='grc'><strong>1775.</strong></span> <span class='ocrx_word' id='word_1_36' title='bbox 543 933 646 998; x_wconf 84' lang='lat' dir='ltr'><strong>Haud</strong></span> <span class='ocrx_word' id='word_1_37' title='bbox 671 933 846 997; x_wconf 87' lang='lat' dir='ltr'><strong>mediocris</strong></span> <span class='ocrx_word' id='word_1_38' title='bbox 863 934 951 996; x_wconf 92' lang='lat' dir='ltr'><strong>enim</strong></span> <span class='ocrx_word' id='word_1_39' title='bbox 977 932 1157 998; x_wconf 87' lang='lat' dir='ltr'><strong>difficultas</strong></span> <span class='ocrx_word' id='word_1_40' title='bbox 1179 935 1243 998; x_wconf 84' lang='lat' dir='ltr'><strong>fuit</strong></span> <span class='ocrx_word' id='word_1_41' title='bbox 1263 937 1299 998; x_wconf 91' lang='lat' dir='ltr'><strong>in</strong></span> <span class='ocrx_word' id='word_1_42' title='bbox 1316 936 1448 1021; x_wconf 87' lang='lat' dir='ltr'><strong>eligendo</strong></span> 
     </span>
     <span class='ocr_line' id='line_1_6' title="bbox 345 1029 1449 1100; baseline 0 -1"><span class='ocrx_word' id='word_1_43' title='bbox 345 1034 525 1100; x_wconf 83' lang='lat' dir='ltr'><strong>Clementis</strong></span> <span class='ocrx_word' id='word_1_44' title='bbox 550 1053 748 1097; x_wconf 84' lang='lat' dir='ltr'><strong>successore.</strong></span> <span class='ocrx_word' id='word_1_45' title='bbox 794 1030 864 1094; x_wconf 89' lang='lat' dir='ltr'><strong>Alii</strong></span> <span class='ocrx_word' id='word_1_46' title='bbox 895 1030 1053 1094; x_wconf 89' lang='lat' dir='ltr'><strong>videlicet</strong></span> <span class='ocrx_word' id='word_1_47' title='bbox 1077 1029 1272 1097; x_wconf 81' lang='lat' dir='ltr'><strong>Cardinales</strong></span> <span class='ocrx_word' id='word_1_48' title='bbox 1295 1057 1315 1097; x_wconf 95' lang='lat' dir='ltr'><strong>a</strong></span> <span class='ocrx_word' id='word_1_49' title='bbox 1339 1034 1449 1099; x_wconf 80' lang='lat' dir='ltr'><strong>Galliae</strong></span> 
     </span>
     <span class='ocr_line' id='line_1_7' title="bbox 343 1129 1447 1218; baseline -0.002 -22"><span class='ocrx_word' id='word_1_50' title='bbox 343 1142 375 1196; x_wconf 90' lang='lat' dir='ltr'><strong>et</strong></span> <span class='ocrx_word' id='word_1_51' title='bbox 399 1131 583 1216; x_wconf 89' lang='lat' dir='ltr'><strong>Hispaniae</strong></span> <span class='ocrx_word' id='word_1_52' title='bbox 608 1130 709 1193; x_wconf 89' lang='lat' dir='ltr'><strong>curiis</strong></span> <span class='ocrx_word' id='word_1_53' title='bbox 733 1129 869 1192; x_wconf 89' lang='lat' dir='ltr'><strong>excitati</strong></span> <span class='ocrx_word' id='word_1_54' title='bbox 894 1129 1076 1212; x_wconf 91' lang='lat' dir='ltr'><strong>cupiebant</strong></span> <span class='ocrx_word' id='word_1_55' title='bbox 1098 1131 1311 1215; x_wconf 88' lang='lat' dir='ltr'><strong>Pontificem,</strong></span> <span class='ocrx_word' id='word_1_56' title='bbox 1335 1136 1388 1218; x_wconf 94' lang='lat' dir='ltr'><strong>qui</strong></span> <span class='ocrx_word' id='word_1_57' title='bbox 1407 1134 1447 1195; x_wconf 90' lang='lat' dir='ltr'><strong>iis-</strong></span> 
     </span>
     <span class='ocr_line' id='line_1_8' title="bbox 343 1225 1451 1316; baseline -0.002 -21"><span class='ocrx_word' id='word_1_58' title='bbox 343 1231 418 1295; x_wconf 89' lang='lat' dir='ltr'><strong>dem</strong></span> <span class='ocrx_word' id='word_1_59' title='bbox 452 1231 618 1294; x_wconf 81' lang='lat' dir='ltr'><strong>insisteret</strong></span> <span class='ocrx_word' id='word_1_60' title='bbox 648 1227 824 1312; x_wconf 88' lang='lat' dir='ltr'><strong>principiis</strong></span> <span class='ocrx_word' id='word_1_61' title='bbox 858 1249 897 1290; x_wconf 87' lang='lat' dir='ltr'><strong>ac</strong></span> <span class='ocrx_word' id='word_1_62' title='bbox 931 1225 1084 1291; x_wconf 86' lang='lat' dir='ltr'><strong>Clemens</strong></span> <span class='ocrx_word' id='word_1_63' title='bbox 1108 1228 1215 1310; x_wconf 91' lang='lat' dir='ltr'><strong>XIV,</strong></span> <span class='ocrx_word' id='word_1_64' title='bbox 1251 1231 1451 1316; x_wconf 90' lang='lat' dir='ltr'><strong>ejusdemque</strong></span> 
     </span>
     <span class='ocr_line' id='line_1_9' title="bbox 343 1326 1449 1408; baseline -0.004 -14"><span class='ocrx_word' id='word_1_65' title='bbox 343 1331 512 1395; x_wconf 87' lang='lat' dir='ltr'><strong>decretum</strong></span> <span class='ocrx_word' id='word_1_66' title='bbox 546 1337 660 1392; x_wconf 87' lang='lat' dir='ltr'><strong>contra</strong></span> <span class='ocrx_word' id='word_1_67' title='bbox 694 1326 894 1391; x_wconf 87' lang='lat' dir='ltr'><strong>Societatem</strong></span> <span class='ocrx_word' id='word_1_68' title='bbox 918 1326 1001 1391; x_wconf 83' lang='lat' dir='ltr'><strong>Jesu</strong></span> <span class='ocrx_word' id='word_1_69' title='bbox 1035 1326 1261 1408; x_wconf 86' lang='lat' dir='ltr'><strong>confirmaret3</strong></span> <span class='ocrx_word' id='word_1_70' title='bbox 1298 1329 1355 1392; x_wconf 90' lang='lat' dir='ltr'><strong>alii</strong></span> <span class='ocrx_word' id='word_1_71' title='bbox 1384 1350 1449 1391; x_wconf 90' lang='lat' dir='ltr'><strong>vero</strong></span> 
     </span>
     <span class='ocr_line' id='line_1_10' title="bbox 342 1425 1451 1510; baseline -0.001 -21"><span class='ocrx_word' id='word_1_72' title='bbox 342 1428 499 1493; x_wconf 90' lang='lat' dir='ltr'><strong>volebant</strong></span> <span class='ocrx_word' id='word_1_73' title='bbox 521 1425 736 1508; x_wconf 89' lang='lat' dir='ltr'><strong>Pontificem,</strong></span> <span class='ocrx_word' id='word_1_74' title='bbox 762 1425 818 1509; x_wconf 89' lang='lat' dir='ltr'><strong>qui</strong></span> <span class='ocrx_word' id='word_1_75' title='bbox 843 1425 1009 1509; x_wconf 88' lang='lat' dir='ltr'><strong>principia</strong></span> <span class='ocrx_word' id='word_1_76' title='bbox 1033 1427 1183 1509; x_wconf 91' lang='lat' dir='ltr'><strong>opposita</strong></span> <span class='ocrx_word' id='word_1_77' title='bbox 1207 1436 1405 1510; x_wconf 75' lang='lat' dir='ltr'><strong>sequeretur,</strong></span> <span class='ocrx_word' id='word_1_78' title='bbox 1425 1437 1451 1488; x_wconf 92' lang='lat' dir='ltr'><strong>et</strong></span> 
     </span>
     <span class='ocr_line' id='line_1_11' title="bbox 341 1521 1448 1601; baseline -0.004 -11"><span class='ocrx_word' id='word_1_79' title='bbox 341 1528 368 1590; x_wconf 91' lang='lat' dir='ltr'><strong>si</strong></span> <span class='ocrx_word' id='word_1_80' title='bbox 393 1526 562 1590; x_wconf 91' lang='lat' dir='ltr'><strong>decretum</strong></span> <span class='ocrx_word' id='word_1_81' title='bbox 587 1522 670 1587; x_wconf 89' lang='lat' dir='ltr'><strong>illud</strong></span> <span class='ocrx_word' id='word_1_82' title='bbox 694 1543 760 1586; x_wconf 91' lang='lat' dir='ltr'><strong>non</strong></span> <span class='ocrx_word' id='word_1_83' title='bbox 784 1531 973 1601; x_wconf 86' lang='lat' dir='ltr'><strong>revocaret,</strong></span> <span class='ocrx_word' id='word_1_84' title='bbox 1003 1521 1119 1586; x_wconf 89' lang='lat' dir='ltr'><strong>saltem</strong></span> <span class='ocrx_word' id='word_1_85' title='bbox 1143 1525 1374 1588; x_wconf 88' lang='lat' dir='ltr'><strong>executionem</strong></span> <span class='ocrx_word' id='word_1_86' title='bbox 1396 1545 1448 1587; x_wconf 91' lang='lat' dir='ltr'><strong>non</strong></span> 
     </span>
     <span class='ocr_line' id='line_1_12' title="bbox 340 1617 1449 1708; baseline -0.005 -20"><span class='ocrx_word' id='word_1_87' title='bbox 340 1633 481 1708; x_wconf 86' lang='lat' dir='ltr'><strong>urgeret.</strong></span> <span class='ocrx_word' id='word_1_88' title='bbox 528 1623 627 1686; x_wconf 93' lang='lat' dir='ltr'><strong>Prior</strong></span> <span class='ocrx_word' id='word_1_89' title='bbox 649 1643 725 1706; x_wconf 91' lang='lat' dir='ltr'><strong>pars</strong></span> <span class='ocrx_word' id='word_1_90' title='bbox 749 1619 807 1683; x_wconf 90' lang='lat' dir='ltr'><strong>diu</strong></span> <span class='ocrx_word' id='word_1_91' title='bbox 825 1617 996 1683; x_wconf 86' lang='lat' dir='ltr'><strong>Cardinali</strong></span> <span class='ocrx_word' id='word_1_92' title='bbox 1014 1619 1221 1684; x_wconf 90' lang='lat' dir='ltr'><strong>Pallavioino</strong></span> <span class='ocrx_word' id='word_1_93' title='bbox 1245 1621 1449 1700; x_wconf 82' lang='lat' dir='ltr'><strong>adlaboravit,</strong></span> 
     </span>
     <span class='ocr_line' id='line_1_13' title="bbox 341 1716 1450 1804; baseline -0.003 -19"><span class='ocrx_word' id='word_1_94' title='bbox 341 1721 446 1785; x_wconf 89' lang='lat' dir='ltr'><strong>donec</strong></span> <span class='ocrx_word' id='word_1_95' title='bbox 471 1718 525 1783; x_wconf 92' lang='lat' dir='ltr'><strong>ille</strong></span> <span class='ocrx_word' id='word_1_96' title='bbox 549 1719 674 1802; x_wconf 86' lang='lat' dir='ltr'><strong>dolens,</strong></span> <span class='ocrx_word' id='word_1_97' title='bbox 699 1718 788 1804; x_wconf 92' lang='lat' dir='ltr'><strong>quod</strong></span> <span class='ocrx_word' id='word_1_98' title='bbox 809 1716 962 1781; x_wconf 86' lang='lat' dir='ltr'><strong>Ecclesia</strong></span> <span class='ocrx_word' id='word_1_99' title='bbox 986 1718 1036 1781; x_wconf 93' lang='lat' dir='ltr'><strong>sui</strong></span> <span class='ocrx_word' id='word_1_100' title='bbox 1061 1739 1161 1782; x_wconf 87' lang='lat' dir='ltr'><strong>causa</strong></span> <span class='ocrx_word' id='word_1_101' title='bbox 1186 1717 1314 1782; x_wconf 86' lang='lat' dir='ltr'><strong>diutius</strong></span> <span class='ocrx_word' id='word_1_102' title='bbox 1337 1730 1450 1804; x_wconf 85' lang='lat' dir='ltr'><strong>pastore</strong></span> 
     </span>
     <span class='ocr_line' id='line_1_14' title="bbox 339 1815 1450 1905; baseline -0.004 -23"><span class='ocrx_word' id='word_1_103' title='bbox 339 1821 546 1905; x_wconf 80' lang='lat' dir='ltr'><strong>privaretur,</strong></span> <span class='ocrx_word' id='word_1_104' title='bbox 571 1817 771 1898; x_wconf 84' lang='lat' dir='ltr'><strong>declaravit,</strong></span> <span class='ocrx_word' id='word_1_105' title='bbox 807 1816 912 1879; x_wconf 90' lang='lat' dir='ltr'><strong>fixum</strong></span> <span class='ocrx_word' id='word_1_106' title='bbox 937 1815 1001 1879; x_wconf 93' lang='lat' dir='ltr'><strong>sibi</strong></span> <span class='ocrx_word' id='word_1_107' title='bbox 1026 1837 1096 1880; x_wconf 88' lang='lat' dir='ltr'><strong>esse</strong></span> <span class='ocrx_word' id='word_1_108' title='bbox 1120 1815 1353 1902; x_wconf 89' lang='lat' dir='ltr'><strong>pontificatum</strong></span> <span class='ocrx_word' id='word_1_109' title='bbox 1375 1839 1450 1880; x_wconf 90' lang='lat' dir='ltr'><strong>recu·</strong></span> 
     </span>
     <span class='ocr_line' id='line_1_15' title="bbox 340 1913 1448 1996; baseline -0.005 -15"><span class='ocrx_word' id='word_1_110' title='bbox 340 1939 421 1983; x_wconf 90' lang='lat' dir='ltr'><strong>sare.</strong></span> <span class='ocrx_word' id='word_1_111' title='bbox 468 1916 564 1980; x_wconf 85' lang='lat' dir='ltr'><strong>Tunc</strong></span> <span class='ocrx_word' id='word_1_112' title='bbox 588 1917 739 1979; x_wconf 92' lang='lat' dir='ltr'><strong>omnium</strong></span> <span class='ocrx_word' id='word_1_113' title='bbox 764 1914 924 1996; x_wconf 86' lang='lat' dir='ltr'><strong>suffragia</strong></span> <span class='ocrx_word' id='word_1_114' title='bbox 954 1936 988 1977; x_wconf 91' lang='lat' dir='ltr'><strong>se</strong></span> <span class='ocrx_word' id='word_1_115' title='bbox 1011 1913 1148 1978; x_wconf 91' lang='lat' dir='ltr'><strong>tandem</strong></span> <span class='ocrx_word' id='word_1_116' title='bbox 1172 1924 1404 1978; x_wconf 89' lang='lat' dir='ltr'><strong>converterunt</strong></span> <span class='ocrx_word' id='word_1_117' title='bbox 1423 1915 1448 1976; x_wconf 87' lang='lat' dir='ltr'><strong>in</strong></span> 
     </span>
     <span class='ocr_line' id='line_1_16' title="bbox 340 2011 1449 2098; baseline -0.005 -19"><span class='ocrx_word' id='word_1_118' title='bbox 340 2013 552 2079; x_wconf 81' lang='lat' dir='ltr'><strong>Cardinalem</strong></span> <span class='ocrx_word' id='word_1_119' title='bbox 576 2012 744 2098; x_wconf 82' lang='lat' dir='ltr'><strong>Angelum</strong></span> <span class='ocrx_word' id='word_1_120' title='bbox 768 2011 924 2094; x_wconf 90' lang='lat' dir='ltr'><strong>Braschi,</strong></span> <span class='ocrx_word' id='word_1_121' title='bbox 949 2013 1006 2097; x_wconf 90' lang='lat' dir='ltr'><strong>qui</strong></span> <span class='ocrx_word' id='word_1_122' title='bbox 1030 2021 1159 2076; x_wconf 85' lang='lat' dir='ltr'><strong>tantum</strong></span> <span class='ocrx_word' id='word_1_123' title='bbox 1183 2034 1212 2076; x_wconf 91' lang='lat' dir='ltr'><strong>a.</strong></span> <span class='ocrx_word' id='word_1_124' title='bbox 1239 2013 1329 2078; x_wconf 87' lang='grc'><strong>1773</strong></span> <span class='ocrx_word' id='word_1_125' title='bbox 1353 2037 1372 2076; x_wconf 92' lang='lat' dir='ltr'><strong>a</strong></span> <span class='ocrx_word' id='word_1_126' title='bbox 1394 2011 1449 2076; x_wconf 85' lang='lat' dir='ltr'><strong>Cle·</strong></span> 
     </span>
     <span class='ocr_line' id='line_1_17' title="bbox 339 2109 1449 2194; baseline -0.005 -17"><span class='ocrx_word' id='word_1_127' title='bbox 339 2121 449 2177; x_wconf 90' lang='lat' dir='ltr'><strong>mente</strong></span> <span class='ocrx_word' id='word_1_128' title='bbox 473 2112 562 2176; x_wconf 88' lang='lat' dir='ltr'><strong>XIV</strong></span> <span class='ocrx_word' id='word_1_129' title='bbox 588 2110 776 2175; x_wconf 80' lang='lat' dir='ltr'><strong>Cardinalis</strong></span> <span class='ocrx_word' id='word_1_130' title='bbox 801 2119 931 2174; x_wconf 89' lang='lat' dir='ltr'><strong>creatus</strong></span> <span class='ocrx_word' id='word_1_131' title='bbox 955 2118 1042 2191; x_wconf 90' lang='lat' dir='ltr'><strong>erat,</strong></span> <span class='ocrx_word' id='word_1_132' title='bbox 1075 2120 1107 2173; x_wconf 93' lang='lat' dir='ltr'><strong>et</strong></span> <span class='ocrx_word' id='word_1_133' title='bbox 1131 2112 1217 2174; x_wconf 92' lang='lat' dir='ltr'><strong>inter</strong></span> <span class='ocrx_word' id='word_1_134' title='bbox 1247 2109 1334 2174; x_wconf 88' lang='lat' dir='ltr'><strong>duas</strong></span> <span class='ocrx_word' id='word_1_135' title='bbox 1357 2119 1449 2194; x_wconf 88' lang='lat' dir='ltr'><strong>partes</strong></span> 
     </span>
     <span class='ocr_line' id='line_1_18' title="bbox 338 2207 1447 2286; baseline -0.006 -11"><span class='ocrx_word' id='word_1_136' title='bbox 338 2211 441 2275; x_wconf 88' lang='lat' dir='ltr'><strong>veluti</strong></span> <span class='ocrx_word' id='word_1_137' title='bbox 475 2209 605 2273; x_wconf 89' lang='lat' dir='ltr'><strong>medius</strong></span> <span class='ocrx_word' id='word_1_138' title='bbox 638 2231 708 2272; x_wconf 89' lang='lat' dir='ltr'><strong>esse</strong></span> <span class='ocrx_word' id='word_1_139' title='bbox 743 2207 930 2274; x_wconf 89' lang='lat' dir='ltr'><strong>videbatur.</strong></span> <span class='ocrx_word' id='word_1_140' title='bbox 977 2208 1083 2271; x_wconf 90' lang='lat' dir='ltr'><strong>Natus</strong></span> <span class='ocrx_word' id='word_1_141' title='bbox 1116 2218 1186 2271; x_wconf 91' lang='lat' dir='ltr'><strong>erat</strong></span> <span class='ocrx_word' id='word_1_142' title='bbox 1218 2207 1274 2271; x_wconf 90' lang='lat' dir='ltr'><strong>hic</strong></span> <span class='ocrx_word' id='word_1_143' title='bbox 1299 2209 1447 2286; x_wconf 83' lang='lat' dir='ltr'><strong>Pontifex,</strong></span> 
     </span>
     <span class='ocr_line' id='line_1_19' title="bbox 337 2303 1488 2396; baseline -0.008 -22"><span class='ocrx_word' id='word_1_144' title='bbox 337 2311 394 2396; x_wconf 92' lang='lat' dir='ltr'><strong>qui</strong></span> <span class='ocrx_word' id='word_1_145' title='bbox 418 2331 540 2374; x_wconf 91' lang='lat' dir='ltr'><strong>nomen</strong></span> <span class='ocrx_word' id='word_1_146' title='bbox 564 2308 619 2370; x_wconf 82' lang='lat' dir='ltr'><strong>Pii</strong></span> <span class='ocrx_word' id='word_1_147' title='bbox 647 2307 697 2371; x_wconf 87' lang='lat' dir='ltr'><strong>VI</strong></span> <span class='ocrx_word' id='word_1_148' title='bbox 714 2307 907 2391; x_wconf 84' lang='lat' dir='ltr'><strong>assumpsit,</strong></span> <span class='ocrx_word' id='word_1_149' title='bbox 934 2303 1080 2369; x_wconf 74' lang='lat' dir='ltr'><strong>Gesonae</strong></span> <span class='ocrx_word' id='word_1_150' title='bbox 1104 2305 1158 2369; x_wconf 91' lang='lat' dir='ltr'><strong>die</strong></span> <span class='ocrx_word' id='word_1_151' title='bbox 1183 2306 1243 2369; x_wconf 77' lang='lat'><strong>27⁰</strong></span> <span class='ocrx_word' id='word_1_152' title='bbox 1266 2303 1448 2369; x_wconf 88' lang='lat' dir='ltr'><strong>Decembris</strong></span> <span class='ocrx_word' id='word_1_153' title='bbox 1487 2375 1488 2378; x_wconf 7' lang='grc' dir='ltr'><strong>Ἴ</strong></span> 
     </span>
     <span class='ocr_line' id='line_1_20' title="bbox 337 2403 1488 2491; baseline -0.008 -19"><span class='ocrx_word' id='word_1_154' title='bbox 337 2431 365 2474; x_wconf 91' lang='lat' dir='ltr'><strong>a.</strong></span> <span class='ocrx_word' id='word_1_155' title='bbox 393 2409 496 2489; x_wconf 75' lang='lat'><strong>1717,</strong></span> <span class='ocrx_word' id='word_1_156' title='bbox 527 2405 678 2491; x_wconf 90' lang='lat' dir='ltr'><strong>adeoque</strong></span> <span class='ocrx_word' id='word_1_157' title='bbox 701 2403 813 2468; x_wconf 87' lang='lat' dir='ltr'><strong>adhuc</strong></span> <span class='ocrx_word' id='word_1_158' title='bbox 838 2404 956 2468; x_wconf 89' lang='lat' dir='ltr'><strong>florida</strong></span> <span class='ocrx_word' id='word_1_159' title='bbox 980 2413 1087 2468; x_wconf 89' lang='lat' dir='ltr'><strong>aetate</strong></span> <span class='ocrx_word' id='word_1_160' title='bbox 1112 2404 1299 2488; x_wconf 81' lang='lat' dir='ltr'><strong>gaudebat3</strong></span> <span class='ocrx_word' id='word_1_161' title='bbox 1334 2404 1448 2469; x_wconf 87' lang='lat' dir='ltr'><strong>dotibus</strong></span> <span class='ocrx_word' id='word_1_162' title='bbox 1487 2416 1488 2433; x_wconf 65' lang='lat'>¹</span> 
     </span>
     <span class='ocr_line' id='line_1_21' title="bbox 336 2502 1445 2589; baseline -0.005 -21"><span class='ocrx_word' id='word_1_163' title='bbox 336 2507 469 2570; x_wconf 88' lang='lat' dir='ltr'><strong>animae</strong></span> <span class='ocrx_word' id='word_1_164' title='bbox 501 2515 534 2568; x_wconf 91' lang='lat' dir='ltr'><strong>et</strong></span> <span class='ocrx_word' id='word_1_165' title='bbox 558 2503 704 2589; x_wconf 89' lang='lat' dir='ltr'><strong>corporis</strong></span> <span class='ocrx_word' id='word_1_166' title='bbox 728 2512 798 2566; x_wconf 89' lang='lat' dir='ltr'><strong>erat</strong></span> <span class='ocrx_word' id='word_1_167' title='bbox 832 2525 938 2588; x_wconf 89' lang='lat' dir='ltr'><strong>aeque</strong></span> <span class='ocrx_word' id='word_1_168' title='bbox 963 2504 1171 2588; x_wconf 89' lang='lat' dir='ltr'><strong>conspicuus.</strong></span> <span class='ocrx_word' id='word_1_169' title='bbox 1218 2505 1297 2587; x_wconf 88' lang='lat' dir='ltr'><strong>Ipse</strong></span> <span class='ocrx_word' id='word_1_170' title='bbox 1331 2502 1445 2589; x_wconf 91' lang='lat' dir='ltr'><strong>quidem</strong></span> 
     </span>
     <span class='ocr_line' id='line_1_22' title="bbox 337 2600 1487 2692; baseline -0.006 -25"><span class='ocrx_word' id='word_1_171' title='bbox 337 2602 493 2667; x_wconf 89' lang='lat' dir='ltr'><strong>Societati</strong></span> <span class='ocrx_word' id='word_1_172' title='bbox 517 2603 599 2668; x_wconf 90' lang='lat' dir='ltr'><strong>Jesu</strong></span> <span class='ocrx_word' id='word_1_173' title='bbox 623 2601 775 2683; x_wconf 88' lang='lat' dir='ltr'><strong>favebat,</strong></span> <span class='ocrx_word' id='word_1_174' title='bbox 806 2603 853 2664; x_wconf 91' lang='lat' dir='ltr'><strong>ita</strong></span> <span class='ocrx_word' id='word_1_175' title='bbox 875 2610 913 2663; x_wconf 94' lang='lat' dir='ltr'><strong>ut</strong></span> <span class='ocrx_word' id='word_1_176' title='bbox 936 2600 1063 2686; x_wconf 90' lang='lat' dir='ltr'><strong>aliquos</strong></span> <span class='ocrx_word' id='word_1_177' title='bbox 1088 2623 1130 2664; x_wconf 85' lang='lat' dir='ltr'><strong>ex</strong></span> <span class='ocrx_word' id='word_1_178' title='bbox 1153 2601 1294 2666; x_wconf 89' lang='lat' dir='ltr'><strong>Jesuitis</strong></span> <span class='ocrx_word' id='word_1_179' title='bbox 1319 2601 1443 2686; x_wconf 87' lang='lat' dir='ltr'><strong>expulsis</strong></span> <span class='ocrx_word' id='word_1_180' title='bbox 1486 2681 1487 2692; x_wconf 10' lang='grc' dir='ltr'>ἵ</span> 
     </span>
     <span class='ocr_line' id='line_1_23' title="bbox 336 2695 1487 2786; baseline -0.005 -22"><span class='ocrx_word' id='word_1_181' title='bbox 336 2702 371 2765; x_wconf 93' lang='lat' dir='ltr'><strong>in</strong></span> <span class='ocrx_word' id='word_1_182' title='bbox 395 2701 494 2765; x_wconf 88' lang='lat' dir='ltr'><strong>aedes</strong></span> <span class='ocrx_word' id='word_1_183' title='bbox 518 2723 594 2765; x_wconf 90' lang='lat' dir='ltr'><strong>suas</strong></span> <span class='ocrx_word' id='word_1_184' title='bbox 618 2701 800 2786; x_wconf 79' lang='lat' dir='ltr'><strong>receperit3</strong></span> <span class='ocrx_word' id='word_1_185' title='bbox 834 2709 1001 2763; x_wconf 90' lang='lat' dir='ltr'><strong>caeterum</strong></span> <span class='ocrx_word' id='word_1_186' title='bbox 1026 2701 1169 2781; x_wconf 89' lang='lat' dir='ltr'><strong>censuit,</strong></span> <span class='ocrx_word' id='word_1_187' title='bbox 1203 2710 1341 2784; x_wconf 89' lang='lat' dir='ltr'><strong>propter</strong></span> <span class='ocrx_word' id='word_1_188' title='bbox 1363 2718 1442 2780; x_wconf 83' lang='lat' dir='ltr'><strong>angu·</strong></span> <span class='ocrx_word' id='word_1_189' title='bbox 1486 2695 1487 2700; x_wconf 68' lang='grc'>’</span> 
     </span>
     <span class='ocr_line' id='line_1_24' title="bbox 336 2798 1445 2884; baseline -0.005 -22"><span class='ocrx_word' id='word_1_190' title='bbox 336 2798 415 2862; x_wconf 88' lang='lat' dir='ltr'><strong>stias</strong></span> <span class='ocrx_word' id='word_1_191' title='bbox 446 2808 630 2884; x_wconf 89' lang='lat' dir='ltr'><strong>temporum</strong></span> <span class='ocrx_word' id='word_1_192' title='bbox 655 2798 882 2862; x_wconf 87' lang='lat' dir='ltr'><strong>moderatione</strong></span> <span class='ocrx_word' id='word_1_193' title='bbox 912 2798 1073 2861; x_wconf 91' lang='lat' dir='ltr'><strong>utendum</strong></span> <span class='ocrx_word' id='word_1_194' title='bbox 1100 2820 1171 2862; x_wconf 90' lang='lat' dir='ltr'><strong>esse</strong></span> <span class='ocrx_word' id='word_1_195' title='bbox 1202 2800 1445 2881; x_wconf 78' lang='lat' dir='ltr'><strong>institutumque</strong></span> 
     </span>
     <span class='ocr_line' id='line_1_25' title="bbox 336 2895 1445 2982; baseline -0.005 -22"><span class='ocrx_word' id='word_1_196' title='bbox 336 2895 510 2960; x_wconf 89' lang='lat' dir='ltr'><strong>Societatis</strong></span> <span class='ocrx_word' id='word_1_197' title='bbox 543 2905 658 2960; x_wconf 89' lang='lat' dir='ltr'><strong>contra</strong></span> <span class='ocrx_word' id='word_1_198' title='bbox 691 2896 957 2960; x_wconf 90' lang='lat' dir='ltr'><strong>adversariorum</strong></span> <span class='ocrx_word' id='word_1_199' title='bbox 990 2895 1131 2964; x_wconf 89' lang='lat' dir='ltr'><strong>insultus</strong></span> <span class='ocrx_word' id='word_1_200' title='bbox 1159 2896 1231 2982; x_wconf 90' lang='lat' dir='ltr'><strong>jam</strong></span> <span class='ocrx_word' id='word_1_201' title='bbox 1265 2918 1336 2960; x_wconf 91' lang='lat' dir='ltr'><strong>non</strong></span> <span class='ocrx_word' id='word_1_202' title='bbox 1368 2913 1445 2980; x_wconf 88' lang='lat' dir='ltr'><strong>posse</strong></span> 
     </span>
     <span class='ocr_line' id='line_1_26' title="bbox 335 2994 1445 3079; baseline -0.005 -22"><span class='ocrx_word' id='word_1_203' title='bbox 335 2995 470 3058; x_wconf 90' lang='lat' dir='ltr'><strong>omnino</strong></span> <span class='ocrx_word' id='word_1_204' title='bbox 494 2995 633 3079; x_wconf 82' lang='lat' dir='ltr'><strong>protegi.</strong></span> <span class='ocrx_word' id='word_1_205' title='bbox 680 2994 792 3057; x_wconf 86' lang='lat' dir='ltr'><strong>Etiam</strong></span> <span class='ocrx_word' id='word_1_206' title='bbox 818 2994 974 3058; x_wconf 85' lang='lat' dir='ltr'><strong>Pontifex</strong></span> <span class='ocrx_word' id='word_1_207' title='bbox 999 2995 1196 3058; x_wconf 87' lang='lat' dir='ltr'><strong>constitutus</strong></span> <span class='ocrx_word' id='word_1_208' title='bbox 1220 3016 1300 3078; x_wconf 83' lang='lat' dir='ltr'><strong>erga</strong></span> <span class='ocrx_word' id='word_1_209' title='bbox 1317 2995 1445 3060; x_wconf 74' lang='lat' dir='ltr'><strong>Jesuitis</strong></span> 
     </span>
     <span class='ocr_line' id='line_1_27' title="bbox 334 3091 1445 3177; baseline -0.007 -21"><span class='ocrx_word' id='word_1_210' title='bbox 334 3101 509 3176; x_wconf 90' lang='lat' dir='ltr'><strong>paternum</strong></span> <span class='ocrx_word' id='word_1_211' title='bbox 534 3091 678 3156; x_wconf 89' lang='lat' dir='ltr'><strong>ostendit</strong></span> <span class='ocrx_word' id='word_1_212' title='bbox 694 3093 868 3174; x_wconf 82' lang='lat' dir='ltr'><strong>affectum3</strong></span> <span class='ocrx_word' id='word_1_213' title='bbox 895 3093 1043 3156; x_wconf 87' lang='lat' dir='ltr'><strong>maxima</strong></span> <span class='ocrx_word' id='word_1_214' title='bbox 1061 3101 1173 3155; x_wconf 89' lang='lat' dir='ltr'><strong>tamen</strong></span> <span class='ocrx_word' id='word_1_215' title='bbox 1188 3092 1368 3177; x_wconf 89' lang='lat' dir='ltr'><strong>prudentia</strong></span> <span class='ocrx_word' id='word_1_216' title='bbox 1382 3109 1445 3153; x_wconf 87' lang='lat' dir='ltr'><strong>usus</strong></span> 
     </span>
     <span class='ocr_line' id='line_1_28' title="bbox 334 3188 1443 3276; baseline -0.005 -22"><span class='ocrx_word' id='word_1_217' title='bbox 334 3199 393 3274; x_wconf 90' lang='lat' dir='ltr'><strong>est,</strong></span> <span class='ocrx_word' id='word_1_218' title='bbox 420 3213 461 3254; x_wconf 89' lang='lat' dir='ltr'><strong>ne</strong></span> <span class='ocrx_word' id='word_1_219' title='bbox 486 3188 652 3255; x_wconf 83' lang='lat' dir='ltr'><strong>Gallicani</strong></span> <span class='ocrx_word' id='word_1_220' title='bbox 676 3191 869 3275; x_wconf 88' lang='lat' dir='ltr'><strong>praesertim</strong></span> <span class='ocrx_word' id='word_1_221' title='bbox 895 3199 927 3253; x_wconf 89' lang='lat' dir='ltr'><strong>et</strong></span> <span class='ocrx_word' id='word_1_222' title='bbox 951 3190 1127 3276; x_wconf 90' lang='lat' dir='ltr'><strong>Hispanici</strong></span> <span class='ocrx_word' id='word_1_223' title='bbox 1151 3189 1309 3274; x_wconf 82' lang='lat' dir='ltr'><strong>gubernii</strong></span> <span class='ocrx_word' id='word_1_224' title='bbox 1335 3193 1443 3254; x_wconf 88' lang='lat' dir='ltr'><strong>iracun-</strong></span> 
     </span>
     <span class='ocr_line' id='line_1_29' title="bbox 334 3284 1442 3373; baseline -0.004 -22"><span class='ocrx_word' id='word_1_225' title='bbox 334 3287 407 3351; x_wconf 90' lang='lat' dir='ltr'><strong>dias</strong></span> <span class='ocrx_word' id='word_1_226' title='bbox 431 3290 465 3351; x_wconf 92' lang='lat' dir='ltr'><strong>in</strong></span> <span class='ocrx_word' id='word_1_227' title='bbox 489 3288 716 3372; x_wconf 88' lang='lat' dir='ltr'><strong>Apostolicam</strong></span> <span class='ocrx_word' id='word_1_228' title='bbox 741 3286 861 3352; x_wconf 81' lang='lat' dir='ltr'><strong>Sedem</strong></span> <span class='ocrx_word' id='word_1_229' title='bbox 886 3290 1076 3354; x_wconf 88' lang='lat' dir='ltr'><strong>concitaret.</strong></span> <span class='ocrx_word' id='word_1_230' title='bbox 1125 3285 1289 3373; x_wconf 81' lang='lat' dir='ltr'><strong>Coeptum</strong></span> <span class='ocrx_word' id='word_1_231' title='bbox 1315 3286 1374 3351; x_wconf 95' lang='lat' dir='ltr'><strong>sub</strong></span> <span class='ocrx_word' id='word_1_232' title='bbox 1393 3284 1442 3348; x_wconf 90' lang='lat' dir='ltr'><strong>De·</strong></span> 
     </span>
     <span class='ocr_line' id='line_1_30' title="bbox 334 3383 1442 3470; baseline -0.005 -23"><span class='ocrx_word' id='word_1_233' title='bbox 334 3406 462 3449; x_wconf 88' lang='lat' dir='ltr'><strong>cessore</strong></span> <span class='ocrx_word' id='word_1_234' title='bbox 485 3407 544 3449; x_wconf 91' lang='lat' dir='ltr'><strong>suo</strong></span> <span class='ocrx_word' id='word_1_235' title='bbox 568 3407 760 3469; x_wconf 86' lang='lat' dir='ltr'><strong>processum</strong></span> <span class='ocrx_word' id='word_1_236' title='bbox 780 3386 980 3470; x_wconf 90' lang='lat' dir='ltr'><strong>judicialem</strong></span> <span class='ocrx_word' id='word_1_237' title='bbox 1005 3395 1119 3450; x_wconf 89' lang='lat' dir='ltr'><strong>contra</strong></span> <span class='ocrx_word' id='word_1_238' title='bbox 1136 3383 1337 3450; x_wconf 82' lang='lat' dir='ltr'><strong>Generalem</strong></span> <span class='ocrx_word' id='word_1_239' title='bbox 1353 3383 1442 3449; x_wconf 86' lang='lat' dir='ltr'><strong>Socie-</strong></span> 
     </span>
     <span class='ocr_line' id='line_1_31' title="bbox 333 3479 1484 3569; baseline 0.001 -24"><span class='ocrx_word' id='word_1_240' title='bbox 333 3483 411 3545; x_wconf 90' lang='lat' dir='ltr'><strong>tatis</strong></span> <span class='ocrx_word' id='word_1_241' title='bbox 436 3481 517 3546; x_wconf 89' lang='lat' dir='ltr'><strong>Jesu</strong></span> <span class='ocrx_word' id='word_1_242' title='bbox 541 3483 775 3568; x_wconf 89' lang='lat' dir='ltr'><strong>Praepositum</strong></span> <span class='ocrx_word' id='word_1_243' title='bbox 796 3484 836 3562; x_wconf 84' lang='lat' dir='ltr'><strong>P.</strong></span> <span class='ocrx_word' id='word_1_244' title='bbox 853 3484 1072 3548; x_wconf 89' lang='lat' dir='ltr'><strong>Laurentium</strong></span> <span class='ocrx_word' id='word_1_245' title='bbox 1097 3484 1189 3547; x_wconf 86' lang='lat' dir='ltr'><strong>Ricci</strong></span> <span class='ocrx_word' id='word_1_246' title='bbox 1215 3484 1355 3569; x_wconf 89' lang='lat' dir='ltr'><strong>ejusque</strong></span> <span class='ocrx_word' id='word_1_247' title='bbox 1370 3479 1441 3545; x_wconf 84' lang='lat' dir='ltr'><strong>Assi·</strong></span> <span class='ocrx_word' id='word_1_248' title='bbox 1483 3541 1484 3546; x_wconf 73' lang='grc'>,</span> 
     </span>
     <span class='ocr_line' id='line_1_32' title="bbox 334 3580 1440 3667; baseline -0.004 -24"><span class='ocrx_word' id='word_1_249' title='bbox 334 3588 455 3643; x_wconf 84' lang='lat' dir='ltr'><strong>stantes</strong></span> <span class='ocrx_word' id='word_1_250' title='bbox 489 3581 523 3643; x_wconf 92' lang='lat' dir='ltr'><strong>in</strong></span> <span class='ocrx_word' id='word_1_251' title='bbox 557 3603 632 3644; x_wconf 88' lang='lat' dir='ltr'><strong>arce</strong></span> <span class='ocrx_word' id='word_1_252' title='bbox 666 3580 698 3647; x_wconf 87' lang='lat' dir='ltr'><strong>S.</strong></span> <span class='ocrx_word' id='word_1_253' title='bbox 732 3581 855 3667; x_wconf 81' lang='lat' dir='ltr'><strong>Angeli</strong></span> <span class='ocrx_word' id='word_1_254' title='bbox 889 3582 1070 3647; x_wconf 85' lang='lat' dir='ltr'><strong>custoditos</strong></span> <span class='ocrx_word' id='word_1_255' title='bbox 1111 3584 1225 3646; x_wconf 89' lang='lat' dir='ltr'><strong>sistere</strong></span> <span class='ocrx_word' id='word_1_256' title='bbox 1259 3581 1378 3658; x_wconf 92' lang='lat' dir='ltr'><strong>noluit,</strong></span> <span class='ocrx_word' id='word_1_257' title='bbox 1409 3596 1440 3638; x_wconf 86' lang='lat' dir='ltr'><strong>ne</strong></span> 
     </span>
    </p>
   </div>
   <div class='ocr_carea' id='block_1_3' title="bbox 329 3799 1483 4352">
    <p class='ocr_par' dir='ltr' id='par_1_3' title="bbox 329 3799 1483 4190">
     <span class='ocr_line' id='line_1_33' title="bbox 333 3799 1438 3875; baseline -0.005 -19"><span class='ocrx_word' id='word_1_258' title='bbox 333 3803 387 3872; x_wconf 89' lang='lat' dir='ltr'><strong>(uti</strong></span> <span class='ocrx_word' id='word_1_259' title='bbox 407 3809 435 3856; x_wconf 89' lang='lat' dir='ltr'><strong>et</strong></span> <span class='ocrx_word' id='word_1_260' title='bbox 453 3803 562 3861; x_wconf 84' lang='lat' dir='ltr'><strong>Ranke,</strong></span> <span class='ocrx_word' id='word_1_261' title='bbox 582 3803 659 3860; x_wconf 72' lang='lat' dir='ltr'><strong>Rem.</strong></span> <span class='ocrx_word' id='word_1_262' title='bbox 679 3802 780 3870; x_wconf 78' lang='lat' dir='ltr'><strong>Ptpste</strong></span> <span class='ocrx_word' id='word_1_263' title='bbox 798 3804 829 3861; x_wconf 85' lang='grc' dir='ltr'><strong>Τ,</strong></span> <span class='ocrx_word' id='word_1_264' title='bbox 852 3803 929 3875; x_wconf 84' lang='grc' dir='ltr'>ΠΙ.),</span> <span class='ocrx_word' id='word_1_265' title='bbox 958 3809 1046 3870; x_wconf 86' lang='lat' dir='ltr'><strong>tenet,</strong></span> <span class='ocrx_word' id='word_1_266' title='bbox 1073 3805 1230 3874; x_wconf 85' lang='lat' dir='ltr'><strong>generatim</strong></span> <span class='ocrx_word' id='word_1_267' title='bbox 1247 3804 1311 3858; x_wconf 90' lang='lat' dir='ltr'><strong>illas</strong></span> <span class='ocrx_word' id='word_1_268' title='bbox 1329 3799 1438 3870; x_wconf 80' lang='lat' dir='ltr'><strong>epistolas</strong></span> 
     </span>
     <span class='ocr_line' id='line_1_34' title="bbox 332 3883 1483 3952; baseline -0.003 -16"><span class='ocrx_word' id='word_1_269' title='bbox 332 3898 390 3936; x_wconf 83' lang='lat' dir='ltr'><strong>esse</strong></span> <span class='ocrx_word' id='word_1_270' title='bbox 408 3883 556 3950; x_wconf 82' lang='lat' dir='ltr'><strong>genuinas,</strong></span> <span class='ocrx_word' id='word_1_271' title='bbox 576 3883 629 3936; x_wconf 87' lang='lat' dir='ltr'><strong>etsi</strong></span> <span class='ocrx_word' id='word_1_272' title='bbox 648 3883 748 3950; x_wconf 87' lang='lat' dir='ltr'><strong>passim</strong></span> <span class='ocrx_word' id='word_1_273' title='bbox 766 3883 950 3952; x_wconf 87' lang='lat' dir='ltr'><strong>interpolatae</strong></span> <span class='ocrx_word' id='word_1_274' title='bbox 967 3884 1024 3938; x_wconf 82' lang='lat' dir='ltr'><strong>sint</strong></span> <span class='ocrx_word' id='word_1_275' title='bbox 1042 3889 1071 3938; x_wconf 89' lang='lat' dir='ltr'><strong>et</strong></span> <span class='ocrx_word' id='word_1_276' title='bbox 1089 3884 1222 3950; x_wconf 83' lang='lat' dir='ltr'><strong>quaedam</strong></span> <span class='ocrx_word' id='word_1_277' title='bbox 1240 3885 1315 3938; x_wconf 89' lang='lat' dir='ltr'><strong>inter</strong></span> <span class='ocrx_word' id='word_1_278' title='bbox 1332 3899 1375 3938; x_wconf 85' lang='lat' dir='ltr'><strong>eas</strong></span> <span class='ocrx_word' id='word_1_279' title='bbox 1390 3894 1436 3943; x_wconf 78' lang='lat' dir='ltr'><strong>sup</strong></span> <span class='ocrx_word' id='word_1_280' title='bbox 1482 3897 1483 3900; x_wconf 43' lang='lat'>¹</span> 
     </span>
     <span class='ocr_line' id='line_1_35' title="bbox 329 3959 1436 4030; baseline -0.002 -15"><span class='ocrx_word' id='word_1_281' title='bbox 329 3962 438 4029; x_wconf 90' lang='lat' dir='ltr'><strong>positae</strong></span> <span class='ocrx_word' id='word_1_282' title='bbox 462 3961 647 4018; x_wconf 89' lang='lat' dir='ltr'><strong>inveniantur.</strong></span> <span class='ocrx_word' id='word_1_283' title='bbox 684 3963 800 4030; x_wconf 82' lang='lat' dir='ltr'><strong>Ingenio</strong></span> <span class='ocrx_word' id='word_1_284' title='bbox 819 3968 848 4018; x_wconf 92' lang='lat' dir='ltr'><strong>et</strong></span> <span class='ocrx_word' id='word_1_285' title='bbox 866 3965 950 4019; x_wconf 90' lang='lat' dir='ltr'><strong>indoli</strong></span> <span class='ocrx_word' id='word_1_286' title='bbox 969 3964 1115 4019; x_wconf 83' lang='lat' dir='ltr'><strong>Clementis</strong></span> <span class='ocrx_word' id='word_1_287' title='bbox 1134 3965 1201 4017; x_wconf 91' lang='lat' dir='ltr'><strong>XIV</strong></span> <span class='ocrx_word' id='word_1_288' title='bbox 1226 3963 1371 4018; x_wconf 88' lang='lat' dir='ltr'><strong>universim</strong></span> <span class='ocrx_word' id='word_1_289' title='bbox 1386 3959 1436 4013; x_wconf 79' lang='lat' dir='ltr'><strong>illae</strong></span> 
     </span>
     <span class='ocr_line' id='line_1_36' title="bbox 330 4042 1434 4110; baseline -0.004 -14"><span class='ocrx_word' id='word_1_290' title='bbox 330 4042 463 4109; x_wconf 89' lang='lat' dir='ltr'><strong>epistolae</strong></span> <span class='ocrx_word' id='word_1_291' title='bbox 482 4042 602 4109; x_wconf 89' lang='lat' dir='ltr'><strong>apprime</strong></span> <span class='ocrx_word' id='word_1_292' title='bbox 621 4050 785 4110; x_wconf 85' lang='lat' dir='ltr'><strong>congruunt.</strong></span> <span class='ocrx_word' id='word_1_293' title='bbox 817 4043 954 4110; x_wconf 76' lang='lat' dir='ltr'><strong>Quaedam</strong></span> <span class='ocrx_word' id='word_1_294' title='bbox 973 4061 1036 4099; x_wconf 93' lang='lat' dir='ltr'><strong>vero</strong></span> <span class='ocrx_word' id='word_1_295' title='bbox 1055 4045 1084 4098; x_wconf 90' lang='lat' dir='ltr'><strong>in</strong></span> <span class='ocrx_word' id='word_1_296' title='bbox 1102 4044 1136 4098; x_wconf 90' lang='lat' dir='ltr'><strong>iis</strong></span> <span class='ocrx_word' id='word_1_297' title='bbox 1155 4045 1285 4098; x_wconf 89' lang='lat' dir='ltr'><strong>audacius</strong></span> <span class='ocrx_word' id='word_1_298' title='bbox 1304 4044 1373 4097; x_wconf 87' lang='lat' dir='ltr'><strong>dicta</strong></span> <span class='ocrx_word' id='word_1_299' title='bbox 1388 4052 1434 4103; x_wconf 76' lang='lat' dir='ltr'><strong>sup</strong></span> 
     </span>
     <span class='ocr_line' id='line_1_37' title="bbox 331 4119 1432 4190; baseline -0.005 -14"><span class='ocrx_word' id='word_1_300' title='bbox 331 4122 421 4190; x_wconf 89' lang='lat' dir='ltr'><strong>posita</strong></span> <span class='ocrx_word' id='word_1_301' title='bbox 445 4137 504 4175; x_wconf 91' lang='lat' dir='ltr'><strong>esse</strong></span> <span class='ocrx_word' id='word_1_302' title='bbox 522 4122 591 4176; x_wconf 89' lang='lat' dir='ltr'><strong>satis</strong></span> <span class='ocrx_word' id='word_1_303' title='bbox 616 4127 738 4189; x_wconf 85' lang='lat' dir='ltr'><strong>apparet.</strong></span> <span class='ocrx_word' id='word_1_304' title='bbox 776 4123 846 4178; x_wconf 87' lang='lat' dir='ltr'><strong>Vide</strong></span> <span class='ocrx_word' id='word_1_305' title='bbox 874 4139 943 4190; x_wconf 89' lang='lat' dir='ltr'><strong>quae</strong></span> <span class='ocrx_word' id='word_1_306' title='bbox 961 4125 1012 4179; x_wconf 90' lang='lat' dir='ltr'><strong>hac</strong></span> <span class='ocrx_word' id='word_1_307' title='bbox 1030 4125 1062 4178; x_wconf 90' lang='lat' dir='ltr'><strong>de</strong></span> <span class='ocrx_word' id='word_1_308' title='bbox 1080 4140 1110 4178; x_wconf 90' lang='lat' dir='ltr'><strong>re</strong></span> <span class='ocrx_word' id='word_1_309' title='bbox 1128 4124 1225 4178; x_wconf 90' lang='lat' dir='ltr'><strong>scribit</strong></span> <span class='ocrx_word' id='word_1_310' title='bbox 1242 4125 1373 4178; x_wconf 87' lang='lat' dir='ltr'><strong>Reumont</strong></span> <span class='ocrx_word' id='word_1_311' title='bbox 1388 4119 1402 4171; x_wconf 90' lang='lat' dir='ltr'><strong>l.</strong></span> <span class='ocrx_word' id='word_1_312' title='bbox 1417 4133 1432 4168; x_wconf 79' lang='lat' dir='ltr'><strong>c.</strong></span> 
     </span>
    </p>

    <p class='ocr_par' dir='ltr' id='par_1_4' title="bbox 331 4202 1482 4352">
     <span class='ocr_line' id='line_1_38' title="bbox 331 4202 1482 4271; baseline -0.005 -15"><span class='ocrx_word' id='word_1_313' title='bbox 331 4218 356 4269; x_wconf 89' lang='lat' dir='ltr'><strong>p.</strong></span> <span class='ocrx_word' id='word_1_314' title='bbox 376 4203 420 4258; x_wconf 86' lang='lat'><strong>40.</strong></span> <span class='ocrx_word' id='word_1_315' title='bbox 439 4208 505 4255; x_wconf 88' lang='lat' dir='ltr'><strong>nota</strong></span> <span class='ocrx_word' id='word_1_316' title='bbox 523 4205 548 4259; x_wconf 80' lang='lat'><strong>2.</strong></span> <span class='ocrx_word' id='word_1_317' title='bbox 569 4233 601 4243; x_wconf 93' lang='lat'><em>-</em></span> <span class='ocrx_word' id='word_1_318' title='bbox 622 4202 784 4258; x_wconf 82' lang='lat' dir='ltr'><strong>Conferendi</strong></span> <span class='ocrx_word' id='word_1_319' title='bbox 802 4220 881 4271; x_wconf 90' lang='lat' dir='ltr'><strong>porro</strong></span> <span class='ocrx_word' id='word_1_320' title='bbox 900 4210 965 4258; x_wconf 90' lang='lat' dir='ltr'><strong>sunt</strong></span> <span class='ocrx_word' id='word_1_321' title='bbox 983 4205 1015 4258; x_wconf 89' lang='lat' dir='ltr'><strong>de</strong></span> <span class='ocrx_word' id='word_1_322' title='bbox 1034 4204 1172 4258; x_wconf 83' lang='lat' dir='ltr'><strong>Clemente</strong></span> <span class='ocrx_word' id='word_1_323' title='bbox 1185 4204 1252 4257; x_wconf 88' lang='lat' dir='ltr'><strong>XIV</strong></span> <span class='ocrx_word' id='word_1_324' title='bbox 1270 4203 1312 4257; x_wconf 92' lang='lat' dir='ltr'><strong>illi</strong></span> <span class='ocrx_word' id='word_1_325' title='bbox 1329 4207 1432 4255; x_wconf 82' lang='lat' dir='ltr'><strong>auctores</strong></span> <span class='ocrx_word' id='word_1_326' title='bbox 1481 4227 1482 4267; x_wconf 68' lang='lat'><strong>,</strong></span> 
     </span>
     <span class='ocr_line' id='line_1_39' title="bbox 331 4281 1077 4352; baseline 0.004 -17"><span class='ocrx_word' id='word_1_327' title='bbox 331 4282 378 4348; x_wconf 89' lang='lat' dir='ltr'><strong>qui</strong></span> <span class='ocrx_word' id='word_1_328' title='bbox 396 4281 429 4336; x_wconf 86' lang='lat' dir='ltr'><strong>de</strong></span> <span class='ocrx_word' id='word_1_329' title='bbox 447 4282 635 4349; x_wconf 89' lang='lat' dir='ltr'><strong>suppressione</strong></span> <span class='ocrx_word' id='word_1_330' title='bbox 654 4283 798 4338; x_wconf 86' lang='lat' dir='ltr'><strong>Societatis</strong></span> <span class='ocrx_word' id='word_1_331' title='bbox 816 4283 834 4338; x_wconf 86' lang='lat' dir='ltr'><strong>J</strong></span> <span class='ocrx_word' id='word_1_332' title='bbox 837 4299 884 4338; x_wconf 91' lang='lat' dir='ltr'><strong>esu</strong></span> <span class='ocrx_word' id='word_1_333' title='bbox 902 4285 1077 4352; x_wconf 89' lang='lat' dir='ltr'><strong>scripserunt.</strong></span> 
     </span>
    </p>
   </div>
   <div class='ocr_carea' id='block_1_4' title="bbox 0 0 1514 4908">
    <p class='ocr_par' dir='ltr' id='par_1_5' title="bbox 0 0 1514 4908">
     <span class='ocr_line' id='line_1_40' title="bbox 0 0 1514 4908; baseline 0 4"><span class='ocrx_word' id='word_1_334' title='bbox 0 0 1514 4908; x_wconf 95' lang='lat' dir='ltr'><strong> </strong></span> 
     </span>
    </p>
   </div>
  </div>
 </body>
</html>
