3288 4900
481 454 597 510 Concilii
615 456 739 522 periodus
757 459 882 510 secunda.
1205 461 1257 516 luo

149 607 246 660 autem
269 596 311 660 ab
335 597 490 662 omnibus
514 600 548 662 in
573 600 644 684 ipro
668 599 832 684 quaedam
850 603 983 666 virtutis
999 605 1168 685 severitas,
1194 627 1255 668 noc
1287 609 1371 648 P²¹¹¹¹²⁸
1386 609 1419 649 IV

95 721 96 734 ι
149 695 184 758 ab
198 697 397 780 experientia
413 696 563 760 civilium
581 699 798 780 negotiorum,
823 720 885 762 nee
902 722 922 762 a
934 699 1039 763 flexili
1052 702 1095 765 ad
1110 703 1256 766 alienum

150 793 309 857 consilium
323 796 468 877 ingenio,
486 795 526 858 ob
540 796 664 879 proprii
678 795 847 876 fiduciam,
863 797 1043 864 moderata.
1068 803 1260 886 Assumpsit

150 913 254 956 nomen
272 891 394 955 Paulus
405 892 465 971 IV,
490 915 529 956 ac
544 895 727 977 generatim
752 896 860 958 evasit
875 893 951 958 telis
963 896 1128 982 Pontifex,
1152 899 1261 985 qualis

148 991 265 1074 agnitus
298 989 360 1052 fuit
384 988 582 1071 Cardinalis,
616 990 678 1055 boo
709 1003 759 1054 est
783 1014 911 1056 summo
940 993 1110 1078 religionis
1139 997 1260 1078 studio,

147 1088 194 1151 sod
223 1110 288 1152 non
321 1086 473 1152 absoluta
503 1089 681 1174 prudentia
714 1089 895 1174 praeditus.
942 1090 1066 1176 Magno
1090 1094 1159 1158 zelo
1189 1117 1260 1180 pro·

1314 671 1341 710 R.
1358 671 1383 710 P.

148 1188 239 1249 movit
269 1187 538 1250 reformationem
569 1186 754 1268 Ecclesiae,
793 1198 893 1279 atque
923 1189 984 1252 sub
1015 1189 1078 1254 hoo
1109 1201 1260 1277 respectu

147 1285 347 1368 pontificatus
370 1283 466 1347 Pauli
490 1284 539 1347 IV
571 1286 699 1348 fructus
722 1285 798 1348 tulit
821 1285 990 1367 salutares,
1020 1299 1183 1373 quatenus
1207 1289 1261 1353 de·

147 1383 262 1445 linitivo
296 1381 394 1446 modo
419 1381 543 1445 Romae
576 1383 734 1446 sanctitas
765 1392 797 1446 et
828 1383 973 1468 dignitus
1004 1407 1132 1450 morum
1161 1388 1260 1450 statui

146 1480 358 1544 ecclesiastico
377 1480 580 1543 conveniens
595 1482 723 1544 sancita
738 1480 812 1562 fuit,
830 1481 993 1566 Paulique
1010 1492 1131 1547 statuta
1147 1494 1262 1569 postea

145 1578 288 1643 Patn'bus
301 1577 507 1642 Tridentinis
532 1600 647 1641 norma
671 1578 879 1642 decretorum
893 1580 994 1646 fuere.
1029 1579 1095 1646 Sed
1111 1584 1261 1646 animum

146 1675 228 1740 Pauli
241 1677 290 1740 lV
317 1674 505 1759 occupabat
521 1697 642 1760 magna
659 1677 812 1741 adversio
829 1687 944 1742 eontra
960 1679 1095 1743 domum
1112 1680 1260 1744 Austria·

145 1796 206 1837 cam
222 1785 324 1860 atque
335 1773 514 1857 Hispanos,
531 1796 670 1860 quorum
688 1777 723 1838 in
735 1775 833 1839 ltalia
849 1775 1109 1841 dominationem
1125 1799 1262 1842 exosam

144 1871 291 1935 babebat.
341 1869 478 1936 Carolus
496 1872 526 1934 V
549 1874 620 1954 ipre
644 1872 799 1936 Pontifici
826 1885 999 1958 suspectus
1023 1886 1094 1938 erat
1116 1898 1154 1940 eo
1171 1875 1261 1962 quod

144 1981 293 2049 censeret,
318 1991 393 2032 eum
417 1969 531 2033 favere
554 1970 828 2035 Protestantibus.
875 1971 955 2036 Mox
980 1974 1080 2057 igitur
1103 1973 1261 2038 Pontifex

143 2091 209 2132 com
224 2067 334 2133 Gallis
356 2066 474 2132 foedus
498 2069 574 2132 iniit
597 2079 714 2132 contra
737 2068 930 2155 Philippum
947 2072 982 2134 ΙΙ
1003 2071 1204 2157 Hispanum,
1229 2082 1264 2135 et

143 2167 411 2231 infaustissimum
435 2165 558 2230 bellum
582 2166 752 2252 aliquanto
778 2178 925 2253 tempore
948 2178 1078 2253 gestum
1101 2179 1161 2234 est.
1207 2171 1261 2234 Ex

144 2265 299 2330 desiderio
316 2263 507 2327 destruendi
523 2264 749 2349 Hispanorum
774 2265 1035 2330 dominationem
1053 2277 1085 2331 et
1101 2289 1260 2353 praepon-

143 2362 332 2442 derantiam,
357 2361 458 2425 etiam
482 2364 674 2446 provenisse
698 2364 839 2445 videtur,
865 2365 955 2450 quod
966 2365 1089 2429 Paulus
1112 2366 1260 2430 favorem

143 2462 390 2526 immoderatum
415 2461 589 2544 praeberet
613 2461 789 2552 nepotibus
815 2461 967 2546 pluribus
991 2462 1157 2548 indignis3
1191 2485 1261 2528 sese

143 2561 222 2622 enim
254 2559 321 2643 ipsi
346 2557 552 2622 exhibebant
576 2570 612 2623 ut
634 2560 803 2645 adjutores
827 2560 870 2624 ad
895 2561 1092 2646 exequenda
1124 2561 1263 2626 consilia

143 2678 201 2722 sua.
246 2659 431 2740 Postquam
462 2679 550 2722 anno
584 2657 667 2722 1557
697 2681 765 2744 pax
794 2660 946 2722 restituta
970 2669 1032 2741 est,
1064 2659 1188 2724 Paulus
1212 2660 1261 2724 IV

143 2757 281 2820 maximo
306 2775 384 2818 cum
408 2755 522 2839 vigore
544 2756 813 2820 reformationem
837 2757 1009 2822 Ecclesiae
1042 2759 1261 2840 continuavit,

143 2865 270 2939 nepotes
295 2874 374 2916 vero
391 2873 477 2933 suos,
503 2853 702 2940 simulatque
725 2857 815 2918 viros
839 2854 995 2938 indignos
1019 2877 1090 2919 esse
1113 2857 1262 2938 agnovit,

145 2973 265 3016 summa
290 2973 366 3015 cum
390 2951 566 3015 severitate
580 2951 687 3018 Roma
712 2953 820 3038 ejecit.
849 2953 999 3018 Nimium
1023 2963 1133 3018 autem
1158 2956 1262 3039 surpi-

144 3050 290 3115 cionibus
314 3048 454 3113 indulsit
476 3049 643 3130 Pontifex,
675 3050 756 3114 dum
779 3052 869 3114 viros
894 3052 1045 3131 eximios,
1075 3051 1124 3114 uti
1149 3049 1262 3114 Cardi-

143 3149 225 3213 nales
249 3146 474 3231 Reginaldum
498 3147 617 3212 Polum
640 3158 741 3233 atque
765 3148 950 3229 Moronum,
983 3150 1017 3212 in
1037 3149 1094 3234 jus
1117 3158 1262 3230 vocaret,

142 3247 223 3330 quod
248 3245 465 3331 opinionibus
489 3245 665 3310 haereticis
688 3246 852 3328 faverent,
877 3256 914 3309 ιιι
937 3246 1022 3312 nihil
1047 3247 1196 3311 dieamus
1220 3246 1263 3311 de

142 3343 315 3409 Sanfelicio
354 3345 509 3429 episcopo
549 3342 693 3408 Cavensi
728 3346 853 3429 pariter
890 3356 1057 3410 accusato.
1112 3344 1261 3425 Quorum

142 3446 286 3507 omnium
311 3443 501 3506 innocentia
524 3464 544 3505 a
567 3441 789 3528 subsequente
812 3443 975 3507 Pontifioe
999 3444 1113 3527 agnita
1136 3451 1194 3506 est.
1222 3479 1259 3490 -

141 3538 336 3626 Supremum
361 3539 449 3603 diem
473 3540 557 3603 obiit
580 3539 704 3604 Paulus
720 3540 769 3603 IV
794 3540 848 3604 die
874 3541 932 3605 18⁰
947 3540 1090 3624 Augusti
1116 3563 1145 3604 a.
1165 3539 1262 3604 1559.

141 3637 250 3704 Facile
282 3647 383 3724 patet,
418 3639 678 3723 resumptionem
713 3636 854 3702 Concilii
885 3639 1075 3702 Tridentini
1114 3649 1265 3723 tempore

142 3736 230 3800 Pauli
254 3737 304 3802 IV
329 3736 399 3800 fieri
423 3757 490 3800 non
514 3738 661 3821 potuisse
684 3746 818 3821 propter
841 3736 1151 3821 bellaprincipum,
1177 3758 1263 3820 quae

141 3842 320 3899 tantuma.
348 3834 443 3914 1559,
475 3856 558 3919 pace
586 3836 672 3898 inter
695 3832 808 3898 Gallos
841 3844 873 3898 et
896 3834 1064 3919 Hispanos
1096 3833 1263 3914 conclusa,

142 3931 232 3998 finita
248 3942 335 3997 sunt.
360 3932 452 3996 Pauli
476 3931 566 3996 zelus
590 3954 648 4018 pro
665 3932 877 3997 reformanda
890 3932 1041 3996 Ecclesia
1066 3941 1139 4016 post
1153 3933 1263 4017 ipsum

143 4031 275 4114 quidem
298 4029 469 4094 Ecclesiae
493 4031 556 4095 fuit
579 4031 762 4115 proficuus3
798 4030 855 4094 sed
879 4040 1026 4114 tempore
1051 4030 1264 4114 pontificatus

144 4128 210 4211 ejus
233 4131 522 4213 protestantismus
546 4129 657 4193 adhuc
681 4139 882 4213 propagatus
906 4138 938 4191 et
961 4128 1110 4191 firmatus
1126 4127 1198 4193 fuit.
1222 4129 1264 4191 ln

144 4225 261 4310 Anglia
299 4227 456 4290 thronum
494 4226 614 4312 adepta
647 4237 695 4290 est
725 4249 754 4290 a.
790 4227 875 4290 1558
905 4224 1098 4289 Elisabetba
1136 4226 1262 4310 regina.
