3336 4908
430 456 482 508 262
830 458 907 510 XL..
926 458 967 511 De
986 456 1165 514 Jansenismo.

432 599 596 683 episcopis
619 621 648 663 a.
674 599 759 664 1664
783 600 837 664 die
863 601 923 665 15⁰
939 601 1114 665 Februarii
1139 623 1262 665 novam
1280 599 1531 666 Constitutionon

432 697 609 782 chiminis
623 696 804 784 Apostolici
829 699 943 779 edidit,
969 721 1034 785 qua
1052 697 1207 762 omnibus
1232 698 1460 764 ecclesiasticis
1482 719 1531 780 per-

432 797 531 869 sonis,
556 796 654 858 etiam
680 795 891 878 monialibus,
917 797 978 860 sub
1003 818 1185 882 poenarum
1210 799 1445 860 canonicarum
1469 817 1532 858 con-

276 881 402 982 §332¹ss
432 893 614 955 minatione
638 896 807 979 praecepit
831 894 1105 959 subscribendam
1131 894 1218 958 bano
1243 893 1436 958 formulam:
1463 893 1532 975 ,Ego

266 1005 349 1044 xenon
363 1005 412 1046 v11.
434 988 469 1052 N.
484 987 717 1059 Constitutioni
731 992 943 1077 Apostolicae
957 993 1143 1056 Innocentii
1157 993 1190 1056 X
1216 993 1313 1056 datae
1338 991 1392 1055 die
1405 991 1462 1054 31⁰
1472 991 1532 1073 11611

429 1109 516 1150 anno
531 1088 625 1166 1653,
642 1100 674 1151 61
688 1087 924 1154 Constitutioni
938 1090 1123 1155 Alexandri
1137 1091 1202 1153 VII
1221 1090 1317 1153 datae
1329 1087 1532 1153 (1161600616-

430 1185 495 1248 bris
510 1208 597 1249 anno
617 1187 712 1270 1656,
729 1209 933 1252 summorum
949 1188 1159 1269 Pontificum,
1178 1209 1231 1250 me
1247 1187 1399 1270 subjicio,
1417 1197 1448 1249 et
1461 1187 1533 1270 quin·
1560 1195 1561 1278 1

426 1305 490 1368 que
522 1287 762 1369 propositiones
793 1309 835 1349 ex
864 1286 1009 1352 Cornelii
1032 1287 1194 1352 ''Jansenii
1226 1285 1311 1349 libro
1347 1287 1402 1349 cui
1435 1306 1532 1347 nomen

425 1381 622 1468 depastione
645 1394 818 1469 excerptas
842 1393 874 1447 61
898 1386 932 1447 in
950 1406 1049 1448 sensu
1065 1383 1108 1448 ab
1129 1383 1245 1446 eodem
1263 1394 1399 1446 auctore
1416 1385 1532 1459 intento,

425 1491 523 1562 prout
546 1480 618 1544 illas
643 1504 701 1565 per
725 1482 832 1546 dictas
850 1480 1111 1546 Constitutiones
1129 1481 1232 1545 Sedes
1246 1478 1440 1566 Apostolica
1463 1479 1531 1541 dam-

424 1580 528 1659 navit,
553 1581 680 1644 sincero
696 1582 807 1643 animo
832 1581 946 1666 rejicio
972 1591 1004 1643 et
1028 1579 1160 1662 damno,
1186 1581 1287 1642 etita
1307 1579 1385 1664 juro
1412 1575 1512 1658 etc.“¹)
1559 1585 1561 1618 ²

411 1758 412 1763 ,
512 1705 565 1770 52.
610 1705 805 1769 Ludovicus
834 1707 919 1769 XIV
957 1706 1134 1791 praecepit,
1175 1715 1213 1766 ut
1250 1724 1365 1767 omnes
1397 1701 1439 1765 ad
1466 1720 1530 1784 quos

424 1802 595 1885 spectabat
619 1804 652 1866 in
678 1813 743 1866 toto
768 1826 869 1888 regno
894 1825 952 1867 suo
971 1802 1155 1866 Alexandri
1180 1800 1342 1864 formulae
1367 1797 1529 1863 subscribe-

423 1908 512 1980 rent3
544 1915 774 1964 verumtamen
799 1924 860 1964 nec
892 1901 955 1965 bac
980 1903 1035 1964 via
1067 1900 1250 1963 refractarii
1281 1899 1324 1962 ad
1355 1896 1527 1961 catholicam

423 1994 646 2061 obedientiam
671 1998 799 2062 reducti
825 2009 911 2064 sunt.
959 1999 1028 2062 Alii
1053 2008 1167 2083 aperta
1191 1998 1299 2061 fronte
1322 2002 1526 2081 repugnarunt

423 2105 615 2176 asserentes,
641 2096 892 2160 Alexandrinae
908 2096 1069 2159 formulae
1086 2095 1280 2180 simpliciter
1304 2092 1467 2157 subscribi
1478 2111 1523 2153 161

423 2213 517 2275 posse
542 2192 666 2278 absque
690 2194 836 2279 perjurio
861 2193 902 2257 ab
929 2195 979 2277 iis,
1014 2194 1134 2278 quibus
1158 2214 1224 2256 non
1249 2202 1319 2255 erat
1344 2208 1523 2276 persuasum

422 2291 569 2374 quinque
593 2293 835 2376 propositiones
868 2294 901 2355 in
934 2290 1019 2355 libro
1044 2293 1196 2355 Jansenii
1228 2291 1408 2370 contineri,
1448 2298 1475 2351 ot
1496 2283 1524 2347 ad

422 2387 597 2451 vitandum
636 2390 818 2474 perjurium
857 2391 892 2454 in
924 2388 1168 2474 subscriptione
1201 2388 1454 2473 exprimendam
1475 2405 1524 2447 esse

422 2485 668 2551 distinctionem
702 2488 788 2572 juris
824 2497 855 2550 et
890 2490 978 2553 lacti.
1027 2487 1118 2550 Inter
1153 2487 1212 2550 hos
1247 2489 1448 2571 praecipuus
1475 2491 1523 2545 crat

421 2582 586 2648 Antonius
607 2585 785 2650 Arnaldus.
832 2585 995 2650 Moniales
1019 2585 1244 2668 Portus-Regii
1273 2584 1346 2669 jam
1371 2583 1465 2647 antea
1485 2579 1521 2641 de·

420 2690 645 2746 tractaverant
691 2684 898 2746 subscribere
944 2682 1104 2747 formulae
1152 2682 1238 2746 Cleri
1276 2680 1457 2758 Gallicani,
1494 2697 1519 2738 61

422 2791 594 2862 propterea
625 2785 668 2861 (a.
695 2782 793 2862 1664)
823 2780 866 2844 ab
891 2781 1141 2865 archiepiscopo
1166 2781 1347 2843 Parisiensi
1372 2777 1519 2842 Harduioo

420 2876 461 2939 de
484 2877 638 2940 Perdfixe
661 2889 943 2941 sacramentorum
969 2900 1031 2940 usu
1055 2878 1243 2962 prohibitae
1267 2887 1372 2941 erant.
1419 2874 1517 2939 Plerae-

420 2996 483 3059 que
507 2984 617 3038 tamen
642 2978 676 3039 in
701 2999 760 3039 sua
785 2974 964 3039 rebellione
989 2985 1295 3061 perseveraverant,
1321 2985 1421 3059 atque
1443 2973 1516 3034 etiam

419 3071 579 3136 formulae
604 3073 787 3137 Alexandri
824 3073 1032 3137 subscribere
1056 3073 1241 3138 noluerunt.
1270 3111 1309 3119 -
1337 3071 1404 3136 Alii
1428 3071 1516 3135 danse-

419 3171 535 3251 nistae,
561 3173 617 3256 qui
644 3171 807 3236 molliores
833 3171 1050 3253 vocabantur,
1079 3170 1245 3251 dicebant,
1270 3170 1456 3256 praedictae
1475 3165 1518 3227 for·

419 3268 528 3332 mulae
553 3271 748 3354 simpliciter
772 3269 936 3334 subscribi
961 3291 1057 3354 posse
1082 3272 1182 3333 etiam
1207 3268 1249 3332 ab
1274 3270 1325 3348 iis,
1351 3269 1407 3352 qui
1431 3265 1517 3328 6111110

420 3390 611 3451 persuasum
629 3368 808 3449 habebant,
834 3366 959 3431 nnllam
977 3367 1163 3431 doctrinam
1182 3367 1384 3430 haereticam
1408 3367 1439 3428 in
1454 3360 1516 3425 libro

417 3465 569 3529 Jansenii
586 3467 732 3550 reperiri,
758 3465 811 3528 vel
828 3487 961 3529 sensum
978 3488 997 3528 a
1014 3465 1175 3529 Jansenio
1201 3467 1365 3528 intentum
1392 3485 1453 3527 non
1466 3477 1517 3521 esse

418 3561 632 3627 haereticum.
684 3564 815 3627 Horum
846 3565 930 3627 ratio
962 3573 1046 3643 erat,
1083 3561 1172 3647 quod
1204 3562 1406 3647 subscriptio
1435 3582 1470 3622 ex
1494 3575 1517 3616 se

417 3661 488 3745 ipsa
520 3659 624 3723 solum
648 3661 824 3724 referretur
847 3660 964 3746 adjus
989 3668 1022 3723 et
1045 3681 1111 3723 non
1135 3660 1178 3723 ad
1202 3660 1340 3742 factum,
1373 3660 1424 3723 vel
1450 3649 1516 3740 quod

415 3859 628 3866 -——.-—.-

490 3997 509 4062 l)
528 3995 655 4047 Formula
673 3995 745 4049 Cleri
765 3995 899 4049 Gallicani
923 3996 1020 4050 similis
1039 4003 1114 4062 erat;
1140 3997 1330 4050 declarabatur
1349 3998 1378 4051 in
1395 3996 1449 4050 fine.
1470 4002 1513 4058 111

416 4075 544 4140 scriptam
557 4074 681 4128 Jansenii
701 4076 852 4128 doctrinam
871 4092 925 4129 non
944 4091 1002 4130 esse
1021 4067 1512 4146 1166111161118111611611111,1116111111

415 4167 540 4219 perverse
559 4159 587 4207 et
606 4159 836 4209 contrementem
855 4172 875 4212 s.
895 4157 1019 4210 Doctoris
1038 4157 1236 4224 interpretatus
1249 4157 1351 4215 fuerat.
1370 4159 1400 4212 V.
1412 4149 1508 4219 Bolgeui.

413 4233 491 4286 Fatti
511 4235 606 4290 domm.
626 4235 658 4290 V.
679 4235 701 4291 Ι.
721 4251 741 4289 e.
764 4238 787 4288 1.
808 4242 837 4290 et
855 4237 991 4304 Tournely
1009 4238 1026 4292 1.
1048 4255 1069 4292 6.
