3336 4908
483 426 538 481 854
888 423 945 482 XL.
964 425 1004 480 De
1021 424 1201 482 Jansenismo.

315 569 475 674 ffls‘ffi
484 572 671 634 stituerunt.
718 568 872 650 Longum
896 577 1007 632 autem
1029 578 1116 633 esset
1138 590 1302 649 enarrare,
1331 580 1491 654 quantum
1513 568 1584 632 labo·

462 663 630 732 ‘raverint
663 667 812 752 deputati
842 666 1061 749 Jansenistae,
1102 679 1138 729 ut
1176 687 1350 730 censuram
1385 667 1586 752 impedirent3

478 764 615 849 juvabit
627 775 739 829 tamen
756 765 873 849 paucis
888 764 1010 828 referre
1027 767 1137 830 varios
1153 774 1292 829 conatus
1306 764 1349 828 ab
1366 766 1409 828 iis
1425 758 1584 843 adhibitos,

483 884 586 948 quum
599 863 682 926 haec
699 862 741 926 ad
758 861 903 926 indolem
918 863 940 928 J
942 863 1123 927 ansenismi
1147 864 1335 927 accuratius
1352 862 1585 946 intelligendam

482 981 548 1024 non
573 981 691 1046 parum
715 961 894 1026 conferant.
942 962 1042 1024 Initio
1066 963 1168 1046 igitur
1192 960 1391 1024 studuerunt
1417 963 1586 1045 impetrare,

482 1067 518 1121 ut
550 1080 603 1121 res
633 1066 787 1142 ageretur
816 1060 863 1120 uti
895 1059 930 1121 in
956 1056 1278 1142 Congregationibus
1309 1057 1351 1121 de
1375 1057 1529 1138 Auxiliis,
1557 1079 1588 1120 eo

482 1155 571 1241 quod
601 1165 771 1241 sperarent
800 1155 943 1218 similem
972 1157 1072 1219 etiam
1096 1156 1166 1219 fore
1187 1157 1327 1221 exitum.
1376 1156 1475 1236 Quod
1499 1176 1587 1240 quun
1621 1179 1623 1246 l

480 1255 647 1338 sapienter
669 1253 749 1338 ipsis
773 1252 1000 1337 denegaretur,
1025 1253 1211 1328 voluerunt,
1244 1263 1279 1317 ut
1302 1253 1418 1318 saltem
1444 1254 1587 1318 discussio
1622 1250 1623 1254 ’

480 1353 566 1415 inter
589 1353 678 1437 ipsos
702 1361 734 1413 et
757 1349 931 1435 deputatos
954 1350 1088 1415 alterius
1112 1352 1215 1436 partis
1238 1373 1349 1416 coram
1364 1350 1586 1416 Cardinalibus

480 1460 512 1513 et
528 1448 770 1513 consultoribus
782 1450 1007 1511 institueretur
1016 1459 1117 1534 utque
1129 1452 1327 1535 scriptorum
1345 1449 1586 1512 contradictoria

480 1547 735 1612 communicatio
752 1546 941 1627 haberetur3
959 1546 1048 1632 quod
1065 1549 1188 1631 pariter
1208 1547 1298 1611 baud
1312 1549 1510 1633 permissum
1526 1547 1585 1626 fuit,
1622 1554 1623 1560 ’

480 1667 582 1732 quum
613 1643 803 1707 nullatenus
834 1644 914 1708 utile
938 1645 1117 1726 videretur,
1151 1654 1182 1708 et
1213 1644 1363 1709 infinitae
1388 1666 1499 1710 morae
1522 1645 1587 1707 inde

478 1743 753 1830 praeviderentur
799 1751 983 1808 exorturae.
1045 1743 1270 1806 Perrexerunt
1308 1745 1408 1806 etiam
1447 1743 1586 1806 Pontifici

478 1839 669 1904 memoriale
692 1840 726 1901 in
744 1860 808 1924 quo
832 1840 1034 1921 asserebant,
1060 1862 1094 1904 se
1118 1842 1215 1904 unice
1239 1842 1380 1925 gratiam
1399 1841 1584 1921 versatilem,

478 1939 624 2002 Molinae
654 1958 762 2019 sensu,
799 1958 1001 2022 oppugnare,
1034 1947 1066 2001 et
1096 1939 1238 2023 gratiam
1272 1938 1443 2002 efficacem
1472 1941 1506 2002 in
1534 1939 1584 2002 illis

478 2039 625 2123 quinque
649 2035 930 2120 propositionibus
953 2035 1144 2115 vindicare;
1168 2036 1253 2099 nihil
1276 2058 1355 2101 vero
1381 2036 1423 2100 de
1439 2037 1583 2102 Jansenio

478 2133 634 2199 sollicitos
657 2153 737 2197 esse.
784 2132 1081 2198 Dominicanorum
1105 2144 1138 2197 et
1160 2132 1482 2220 Augustinianorum
1506 2134 1583 2200 Ordi-

478 2252 552 2296 nem
578 2233 613 2294 in
629 2252 705 2294 suas
717 2240 826 2315 partes
843 2231 1041 2295 studuerunt
1063 2232 1261 2318 pertrahere,
1286 2254 1324 2296 eo
1342 2233 1432 2318 quod
1446 2235 1581 2297 timoren

477 2331 653 2415 injicerent
682 2328 760 2411 fore,
797 2338 833 2392 ut
865 2351 924 2415 per
954 2351 1129 2393 censuram
1162 2331 1423 2416 propositionum
1462 2334 1581 2395 istarum

477 2431 577 2493 etiam
616 2429 763 2513 ipsorum
801 2427 971 2491 doetrinae
1010 2438 1234 2513 tangerentur.
1295 2429 1447 2515 Impulsu
1486 2449 1580 2493 corun
1615 2505 1616 2509 Ἰ

475 2528 600 2590 factum
616 2534 675 2606 est,
700 2535 737 2588 ut
749 2524 928 2590 Generales
954 2527 1122 2611 utriusque
1136 2525 1272 2592 Ordinis
1295 2526 1350 2591 die
1366 2526 1405 2590 4⁰
1417 2529 1499 2591 Maii
1513 2526 1581 2591 1652

477 2625 643 2710 supplices
666 2622 794 2688 libellos
809 2624 964 2689 Pontilici
988 2624 1165 2706 traderent,
1190 2648 1266 2690 eum
1284 2628 1318 2689 in
1335 2625 1447 2703 finem,
1473 2639 1509 2689 ut
1522 2636 1580 2688 anta

477 2724 589 2787 omnia
607 2721 742 2808 juberet
760 2725 882 2786 resumi
898 2722 1155 2808 disputationem
1180 2722 1222 2787 de
1235 2722 1382 2787 Auxiliis
1406 2723 1449 2787 ab
1467 2746 1504 2788 eo
1525 2725 1579 2808 ipso

477 2830 564 2885 statu
588 2822 622 2883 in
647 2843 711 2906 quo
735 2820 855 2883 Paulus
878 2821 910 2883 V
942 2842 1015 2885 eam
1038 2821 1225 2907 reliquerat.
1273 2820 1406 2902 Quibus
1430 2820 1579 2906 respondit

476 2919 690 2982 Innocentius
706 2919 749 3000 X,
774 2916 861 2980 velle
885 2939 920 2981 se
942 2929 1176 3002 argumentum
1201 2918 1242 2982 de
1266 2916 1415 2982 Auxiliis
1439 2921 1578 2983 intactum

477 3037 609 3101 prorsus
643 3036 845 3100 permanere,
876 3025 908 3078 et
942 3014 996 3078 die
1022 3015 1080 3079 10⁰
1102 3016 1214 3080 Martii
1248 3039 1277 3081 a.
1305 3018 1390 3082 1653
1424 3020 1459 3083 in
1491 3020 1577 3104 prima
1619 3017 1622 3048 ³

477 3111 779 3198 Congregationum
803 3132 888 3197 quae
912 3114 983 3197 ipso
1008 3123 1180 3197 praesente
1203 3113 1338 3178 habitae
1362 3126 1457 3198 sunt,
1488 3114 1577 3201 palan

477 3211 669 3291 declaravit,
706 3209 793 3274 nolle
831 3232 866 3273 se
904 3209 1008 3273 ullum
1046 3213 1180 3275 omnino
1212 3212 1457 3297 praejudicium
1484 3210 1576 3276 inferri

477 3309 647 3373 doctrinae
671 3331 695 3373 s.
721 3308 900 3392 Augustini
925 3320 958 3371 et
981 3331 1005 3374 ε.
1031 3309 1189 3373 Thomas.

564 3407 618 3470 43.
664 3405 839 3470 Praeterea
878 3406 1065 3470 defensores
1102 3429 1221 3471 eausae
1259 3408 1412 3473 Jansenii
1452 3411 1576 3495 quinque
1612 3457 1614 3463 ,

476 3506 599 3589 scripta
620 3503 665 3567 ad
689 3526 758 3568 rem
783 3526 877 3567 suam
901 3503 1059 3568 tuendam
1085 3515 1350 3590 composuerunt.
1398 3507 1489 3570 Inter
1510 3524 1575 3590 quae

474 3601 557 3665 illud
588 3602 750 3664 famosum
781 3613 840 3682 est,
877 3602 966 3687 quod
997 3603 1092 3666 triam
1119 3602 1335 3666 columnarum
1373 3603 1502 3683 dicitur,
1535 3600 1574 3663 cui

474 3709 586 3762 tamen
622 3699 793 3783 inscriptio
829 3711 916 3763 erat:
955 3700 1150 3763 Brevissima
1180 3700 1314 3785 quiaque
1338 3704 1573 3788 propositionem

474 3798 509 3859 ia
532 3798 639 3860 verrios
662 3818 780 3860 sersus,
794 3797 967 3861 destasia„
1007 3796 1129 3861 Tribus
1153 3795 1315 3861 columnis
1337 3800 1375 3862 in
1397 3798 1462 3862 boc
1482 3793 1571 3861 libelo

475 3892 726 3978 distinguebant
749 3905 781 3957 et
804 3896 1017 3979 exponebant
1040 3915 1155 3959 sensns
1184 3897 1457 3979 propositionum,
1481 3905 1510 3958 et
1525 3905 1570 3956 sta·

475 3990 613 4056 tuebant
636 3993 671 4056 in
688 4014 786 4055 sensu
809 3993 1034 4055 baereticorum
1049 4014 1104 4056 eas
1119 4014 1189 4056 esse
1204 3989 1424 4072 Coloiaiaaas,
1446 3995 1479 4056 in
1493 4008 1568 4055 sensu

474 4091 672 4155 Jesaitararn
709 4085 762 4152 vel
787 4090 1025 4153 Moliaistarum
1049 4111 1119 4153 esse
1143 4088 1346 4175 Pelagianos,
1375 4091 1410 4153 in
1434 4110 1521 4153 sensu
1540 4083 1567 4145 do

474 4187 597 4273 efficaci
609 4188 717 4272 pratia
733 4210 789 4251 seu
803 4189 975 4273 Augustini
993 4188 1035 4259 ab
1053 4189 1133 4272 ipsis
1146 4189 1272 4261 intento
1298 4209 1369 4251 esse
1393 4186 1565 4252 orthodoros.
