<?xml version="1.0" encoding="UTF-8"?>
<!DOCTYPE html PUBLIC "-//W3C//DTD XHTML 1.0 Transitional//EN"
    "http://www.w3.org/TR/xhtml1/DTD/xhtml1-transitional.dtd">
<html xmlns="http://www.w3.org/1999/xhtml" xml:lang="en" lang="en">
 <head>
  <title>
</title>
<meta http-equiv="Content-Type" content="text/html;charset=utf-8" />
  <meta name='ocr-system' content='tesseract 3.04.00' />
  <meta name='ocr-capabilities' content='ocr_page ocr_carea ocr_par ocr_line ocrx_word'/>
</head>
<body>
  <div class='ocr_page' id='page_1' title='image "./dissertationess03junggoog_0336.png"; bbox 0 0 2964 4912; ppageno 0'>
   <div class='ocr_carea' id='block_1_1' title="bbox 391 512 1186 581">
    <p class='ocr_par' dir='ltr' id='par_1_1' title="bbox 391 512 1186 581">
     <span class='ocr_line' id='line_1_1' title="bbox 391 512 1186 581; baseline 0.003 -15"><span class='ocrx_word' id='word_1_1' title='bbox 391 514 514 567; x_wconf 81' lang='lat' dir='ltr'><strong>Eventus</strong></span> <span class='ocrx_word' id='word_1_2' title='bbox 533 512 719 568; x_wconf 88' lang='lat' dir='ltr'><strong>Declarationi</strong></span> <span class='ocrx_word' id='word_1_3' title='bbox 738 513 851 581; x_wconf 88' lang='lat' dir='ltr'><strong>praevii.</strong></span> <span class='ocrx_word' id='word_1_4' title='bbox 1132 515 1186 569; x_wconf 74' lang='lat'><strong>323</strong></span> 
     </span>
    </p>
   </div>
   <div class='ocr_carea' id='block_1_2' title="bbox 12 656 1187 1620">
    <p class='ocr_par' dir='ltr' id='par_1_2' title="bbox 12 656 1187 1620">
     <span class='ocr_line' id='line_1_2' title="bbox 68 656 1187 743; baseline 0.004 -24"><span class='ocrx_word' id='word_1_5' title='bbox 68 679 142 720; x_wconf 91' lang='lat' dir='ltr'><strong>num</strong></span> <span class='ocrx_word' id='word_1_6' title='bbox 167 659 488 740; x_wconf 88' lang='lat' dir='ltr'><strong>consanguineorum</strong></span> <span class='ocrx_word' id='word_1_7' title='bbox 505 659 761 743; x_wconf 88' lang='lat' dir='ltr'><strong>resignarentur.</strong></span> <span class='ocrx_word' id='word_1_8' title='bbox 769 656 790 739; x_wconf 90' lang='lat'><strong>¹)</strong></span> <span class='ocrx_word' id='word_1_9' title='bbox 828 657 892 722; x_wconf 91' lang='lat' dir='ltr'><strong>His</strong></span> <span class='ocrx_word' id='word_1_10' title='bbox 909 657 1070 722; x_wconf 81' lang='lat' dir='ltr'><strong>abusibus</strong></span> <span class='ocrx_word' id='word_1_11' title='bbox 1085 659 1187 742; x_wconf 92' lang='lat' dir='ltr'><strong>igitur</strong></span> 
     </span>
     <span class='ocr_line' id='line_1_3' title="bbox 70 753 1186 840; baseline 0.005 -26"><span class='ocrx_word' id='word_1_12' title='bbox 70 755 158 837; x_wconf 88' lang='lat' dir='ltr'><strong>vigor</strong></span> <span class='ocrx_word' id='word_1_13' title='bbox 182 754 341 818; x_wconf 89' lang='lat' dir='ltr'><strong>ecclesiae</strong></span> <span class='ocrx_word' id='word_1_14' title='bbox 358 753 562 839; x_wconf 79' lang='lat' dir='ltr'>Gallicanae,</span> <span class='ocrx_word' id='word_1_15' title='bbox 588 755 742 840; x_wconf 88' lang='lat' dir='ltr'><strong>quamvis</strong></span> <span class='ocrx_word' id='word_1_16' title='bbox 766 756 800 819; x_wconf 90' lang='lat' dir='ltr'><strong>in</strong></span> <span class='ocrx_word' id='word_1_17' title='bbox 818 776 856 818; x_wconf 89' lang='lat' dir='ltr'><strong>ea</strong></span> <span class='ocrx_word' id='word_1_18' title='bbox 871 756 977 839; x_wconf 88' lang='lat' dir='ltr'><strong>pietas</strong></span> <span class='ocrx_word' id='word_1_19' title='bbox 1001 766 1033 819; x_wconf 88' lang='lat' dir='ltr'><strong>et</strong></span> <span class='ocrx_word' id='word_1_20' title='bbox 1048 758 1186 821; x_wconf 90' lang='lat' dir='ltr'><strong>scientia</strong></span> 
     </span>
     <span class='ocr_line' id='line_1_4' title="bbox 68 851 1185 938; baseline 0.004 -24"><span class='ocrx_word' id='word_1_21' title='bbox 68 851 233 935; x_wconf 86' lang='lat' dir='ltr'><strong>florerent,</strong></span> <span class='ocrx_word' id='word_1_22' title='bbox 270 851 410 916; x_wconf 90' lang='lat' dir='ltr'><strong>multum</strong></span> <span class='ocrx_word' id='word_1_23' title='bbox 442 851 675 916; x_wconf 88' lang='lat' dir='ltr'><strong>infirmabatur</strong></span> <span class='ocrx_word' id='word_1_24' title='bbox 683 902 691 932; x_wconf 84' lang='lat'><em>‚</em></span> <span class='ocrx_word' id='word_1_25' title='bbox 727 861 826 937; x_wconf 91' lang='lat' dir='ltr'><strong>atque</strong></span> <span class='ocrx_word' id='word_1_26' title='bbox 857 874 899 916; x_wconf 87' lang='lat' dir='ltr'><strong>ex</strong></span> <span class='ocrx_word' id='word_1_27' title='bbox 923 853 1040 917; x_wconf 91' lang='lat' dir='ltr'><strong>iisdem</strong></span> <span class='ocrx_word' id='word_1_28' title='bbox 1069 864 1185 938; x_wconf 87' lang='lat' dir='ltr'><strong>sponte</strong></span> 
     </span>
     <span class='ocr_line' id='line_1_5' title="bbox 67 949 1187 1037; baseline 0.005 -26"><span class='ocrx_word' id='word_1_29' title='bbox 67 949 289 1033; x_wconf 84' lang='lat' dir='ltr'><strong>proveniebat,</strong></span> <span class='ocrx_word' id='word_1_30' title='bbox 315 960 351 1014; x_wconf 92' lang='lat' dir='ltr'><strong>ut</strong></span> <span class='ocrx_word' id='word_1_31' title='bbox 374 950 542 1037; x_wconf 76' lang='lat' dir='ltr'><strong>praesules</strong></span> <span class='ocrx_word' id='word_1_32' title='bbox 562 952 649 1035; x_wconf 88' lang='lat' dir='ltr'><strong>regis</strong></span> <span class='ocrx_word' id='word_1_33' title='bbox 673 950 848 1014; x_wconf 84' lang='lat' dir='ltr'><strong>ambitioni</strong></span> <span class='ocrx_word' id='word_1_34' title='bbox 865 952 975 1014; x_wconf 91' lang='lat' dir='ltr'><strong>minus</strong></span> <span class='ocrx_word' id='word_1_35' title='bbox 996 953 1187 1018; x_wconf 77' lang='lat' dir='ltr'><strong>resisterent</strong></span> 
     </span>
     <span class='ocr_line' id='line_1_6' title="bbox 65 1046 1184 1133; baseline 0.007 -25"><span class='ocrx_word' id='word_1_36' title='bbox 65 1069 101 1108; x_wconf 88' lang='lat' dir='ltr'><strong>ac</strong></span> <span class='ocrx_word' id='word_1_37' title='bbox 125 1047 165 1110; x_wconf 92' lang='lat' dir='ltr'><strong>de</strong></span> <span class='ocrx_word' id='word_1_38' title='bbox 185 1047 319 1133; x_wconf 88' lang='lat' dir='ltr'><strong>juribus</strong></span> <span class='ocrx_word' id='word_1_39' title='bbox 343 1048 514 1112; x_wconf 83' lang='lat' dir='ltr'><strong>Ecclesiae</strong></span> <span class='ocrx_word' id='word_1_40' title='bbox 538 1046 752 1112; x_wconf 78' lang='lat' dir='ltr'><strong>vindicandis</strong></span> <span class='ocrx_word' id='word_1_41' title='bbox 776 1047 886 1111; x_wconf 90' lang='lat' dir='ltr'><strong>minus</strong></span> <span class='ocrx_word' id='word_1_42' title='bbox 910 1047 1042 1113; x_wconf 84' lang='lat' dir='ltr'><strong>solliciti</strong></span> <span class='ocrx_word' id='word_1_43' title='bbox 1065 1060 1184 1117; x_wconf 87' lang='lat' dir='ltr'><strong>essent.</strong></span> 
     </span>
     <span class='ocr_line' id='line_1_7' title="bbox 66 1143 1185 1230; baseline 0.006 -24"><span class='ocrx_word' id='word_1_44' title='bbox 66 1143 196 1207; x_wconf 85' lang='lat' dir='ltr'><strong>Etenim</strong></span> <span class='ocrx_word' id='word_1_45' title='bbox 226 1167 328 1230; x_wconf 92' lang='lat' dir='ltr'><strong>quum</strong></span> <span class='ocrx_word' id='word_1_46' title='bbox 361 1147 555 1230; x_wconf 90' lang='lat' dir='ltr'><strong>praesertim</strong></span> <span class='ocrx_word' id='word_1_47' title='bbox 579 1168 599 1209; x_wconf 92' lang='lat' dir='ltr'><strong>a</strong></span> <span class='ocrx_word' id='word_1_48' title='bbox 623 1163 700 1228; x_wconf 86' lang='lat' dir='ltr'><strong>rege</strong></span> <span class='ocrx_word' id='word_1_49' title='bbox 733 1167 848 1208; x_wconf 89' lang='lat' dir='ltr'><strong>omnes</strong></span> <span class='ocrx_word' id='word_1_50' title='bbox 870 1147 994 1229; x_wconf 88' lang='lat' dir='ltr'><strong>gratias</strong></span> <span class='ocrx_word' id='word_1_51' title='bbox 1024 1169 1063 1211; x_wconf 89' lang='lat' dir='ltr'><strong>ac</strong></span> <span class='ocrx_word' id='word_1_52' title='bbox 1088 1148 1185 1213; x_wconf 90' lang='lat' dir='ltr'><strong>bene-</strong></span> 
     </span>
     <span class='ocr_line' id='line_1_8' title="bbox 65 1241 1184 1329; baseline 0.005 -25"><span class='ocrx_word' id='word_1_53' title='bbox 65 1241 137 1305; x_wconf 89' lang='lat' dir='ltr'><strong>ficia</strong></span> <span class='ocrx_word' id='word_1_54' title='bbox 168 1265 228 1306; x_wconf 90' lang='lat' dir='ltr'><strong>sua</strong></span> <span class='ocrx_word' id='word_1_55' title='bbox 268 1245 332 1328; x_wconf 90' lang='lat' dir='ltr'><strong>ipsi</strong></span> <span class='ocrx_word' id='word_1_56' title='bbox 363 1242 551 1307; x_wconf 85' lang='lat' dir='ltr'><strong>obtinerent</strong></span> <span class='ocrx_word' id='word_1_57' title='bbox 583 1251 615 1307; x_wconf 91' lang='lat' dir='ltr'><strong>et</strong></span> <span class='ocrx_word' id='word_1_58' title='bbox 646 1242 772 1328; x_wconf 89' lang='lat' dir='ltr'><strong>majora</strong></span> <span class='ocrx_word' id='word_1_59' title='bbox 809 1245 910 1306; x_wconf 91' lang='lat' dir='ltr'><strong>etiam</strong></span> <span class='ocrx_word' id='word_1_60' title='bbox 944 1255 1184 1329; x_wconf 86' lang='lat' dir='ltr'><strong>exspectarent,</strong></span> 
     </span>
     <span class='ocr_line' id='line_1_9' title="bbox 65 1339 1184 1429; baseline 0.006 -28"><span class='ocrx_word' id='word_1_61' title='bbox 65 1339 162 1404; x_wconf 90' lang='lat' dir='ltr'><strong>veluti</strong></span> <span class='ocrx_word' id='word_1_62' title='bbox 188 1363 247 1425; x_wconf 92' lang='lat' dir='ltr'><strong>per</strong></span> <span class='ocrx_word' id='word_1_63' title='bbox 270 1364 304 1406; x_wconf 91' lang='lat' dir='ltr'><strong>se</strong></span> <span class='ocrx_word' id='word_1_64' title='bbox 328 1342 399 1426; x_wconf 92' lang='lat' dir='ltr'><strong>ejus</strong></span> <span class='ocrx_word' id='word_1_65' title='bbox 424 1341 582 1427; x_wconf 91' lang='lat' dir='ltr'><strong>obsequio</strong></span> <span class='ocrx_word' id='word_1_66' title='bbox 600 1341 698 1405; x_wconf 90' lang='lat' dir='ltr'><strong>valde</strong></span> <span class='ocrx_word' id='word_1_67' title='bbox 722 1341 848 1406; x_wconf 88' lang='lat' dir='ltr'><strong>addicti</strong></span> <span class='ocrx_word' id='word_1_68' title='bbox 866 1350 969 1422; x_wconf 90' lang='lat' dir='ltr'><strong>erant,</strong></span> <span class='ocrx_word' id='word_1_69' title='bbox 993 1365 1055 1407; x_wconf 90' lang='lat' dir='ltr'><strong>nec</strong></span> <span class='ocrx_word' id='word_1_70' title='bbox 1071 1346 1184 1429; x_wconf 90' lang='lat' dir='ltr'><strong>magni</strong></span> 
     </span>
     <span class='ocr_line' id='line_1_10' title="bbox 12 1438 1183 1525; baseline 0.006 -26"><span class='ocrx_word' id='word_1_71' title='bbox 12 1439 13 1444; x_wconf 73' lang='grc'>’</span> <span class='ocrx_word' id='word_1_72' title='bbox 63 1438 276 1522; x_wconf 89' lang='lat' dir='ltr'><strong>reputabant,</strong></span> <span class='ocrx_word' id='word_1_73' title='bbox 303 1439 391 1524; x_wconf 90' lang='lat' dir='ltr'><strong>quod</strong></span> <span class='ocrx_word' id='word_1_74' title='bbox 416 1439 487 1524; x_wconf 86' lang='lat' dir='ltr'><strong>ejus</strong></span> <span class='ocrx_word' id='word_1_75' title='bbox 512 1439 693 1503; x_wconf 88' lang='lat' dir='ltr'><strong>dominatio</strong></span> <span class='ocrx_word' id='word_1_76' title='bbox 718 1439 753 1502; x_wconf 89' lang='lat' dir='ltr'><strong>in</strong></span> <span class='ocrx_word' id='word_1_77' title='bbox 777 1438 964 1503; x_wconf 83' lang='lat' dir='ltr'><strong>Ecclesiam</strong></span> <span class='ocrx_word' id='word_1_78' title='bbox 988 1443 1094 1525; x_wconf 88' lang='lat' dir='ltr'><strong>magis</strong></span> <span class='ocrx_word' id='word_1_79' title='bbox 1117 1463 1183 1506; x_wconf 91' lang='lat' dir='ltr'><strong>ma-</strong></span> 
     </span>
     <span class='ocr_line' id='line_1_11' title="bbox 12 1536 445 1620; baseline 0.009 -24"><span class='ocrx_word' id='word_1_80' title='bbox 12 1561 13 1564; x_wconf 43' lang='lat'><em>*</em></span> <span class='ocrx_word' id='word_1_81' title='bbox 61 1536 175 1620; x_wconf 87' lang='lat' dir='ltr'><strong>gisque</strong></span> <span class='ocrx_word' id='word_1_82' title='bbox 200 1536 445 1600; x_wconf 85' lang='lat' dir='ltr'><strong>extenderetur.</strong></span> 
     </span>
    </p>
   </div>
   <div class='ocr_carea' id='block_1_3' title="bbox 60 1660 1338 2215">
    <p class='ocr_par' dir='ltr' id='par_1_3' title="bbox 60 1660 1338 2215">
     <span class='ocr_line' id='line_1_12' title="bbox 152 1660 1338 1746; baseline 0.003 -23"><span class='ocrx_word' id='word_1_83' title='bbox 152 1661 202 1726; x_wconf 87' lang='lat'><strong>16.</strong></span> <span class='ocrx_word' id='word_1_84' title='bbox 253 1660 491 1724; x_wconf 90' lang='lat' dir='ltr'><strong>Declaratio</strong></span> <span class='ocrx_word' id='word_1_85' title='bbox 528 1660 756 1725; x_wconf 86' lang='lat' dir='ltr'><strong>Facultatis</strong></span> <span class='ocrx_word' id='word_1_86' title='bbox 791 1660 1046 1746; x_wconf 83' lang='lat' dir='ltr'><strong>theologicae</strong></span> <span class='ocrx_word' id='word_1_87' title='bbox 1082 1664 1183 1726; x_wconf 90' lang='lat' dir='ltr'><strong>Pari·</strong></span> <span class='ocrx_word' id='word_1_88' title='bbox 1207 1665 1338 1706; x_wconf 69' lang='lat'><strong>⁰³⁶¹⁸¹⁸²¹⁰</strong></span> 
     </span>
     <span class='ocr_line' id='line_1_13' title="bbox 62 1729 1338 1847; baseline 0.005 -27"><span class='ocrx_word' id='word_1_89' title='bbox 62 1757 203 1822; x_wconf 63' lang='lat' dir='ltr'><strong>arensis</strong></span> <span class='ocrx_word' id='word_1_90' title='bbox 219 1759 264 1822; x_wconf 69' lang='lat' dir='ltr'><strong>ee</strong></span> <span class='ocrx_word' id='word_1_91' title='bbox 281 1760 402 1822; x_wconf 74' lang='lat' dir='ltr'><strong>summi</strong></span> <span class='ocrx_word' id='word_1_92' title='bbox 418 1758 634 1822; x_wconf 73' lang='lat' dir='ltr'><strong>nonarius</strong></span> <span class='ocrx_word' id='word_1_93' title='bbox 656 1758 1057 1847; x_wconf 54' lang='lat' dir='ltr'><strong>infallibilitatem.</strong></span> <span class='ocrx_word' id='word_1_94' title='bbox 1072 1761 1181 1843; x_wconf 81' lang='lat' dir='ltr'><strong>reae).</strong></span> <span class='ocrx_word' id='word_1_95' title='bbox 1207 1729 1338 1769; x_wconf 72' lang='lat'><strong>²⁰¹¹¹¹⁶⁶³·</strong></span> 
     </span>
     <span class='ocr_line' id='line_1_14' title="bbox 63 1856 1182 1944; baseline 0.002 -24"><span class='ocrx_word' id='word_1_96' title='bbox 63 1892 102 1900; x_wconf 90' lang='lat'><strong>—</strong></span> <span class='ocrx_word' id='word_1_97' title='bbox 120 1856 198 1921; x_wconf 88' lang='lat' dir='ltr'><strong>Jam</strong></span> <span class='ocrx_word' id='word_1_98' title='bbox 225 1878 324 1940; x_wconf 90' lang='lat' dir='ltr'><strong>supra</strong></span> <span class='ocrx_word' id='word_1_99' title='bbox 339 1856 496 1938; x_wconf 85' lang='lat' dir='ltr'><strong>vidimus,</strong></span> <span class='ocrx_word' id='word_1_100' title='bbox 521 1857 616 1920; x_wconf 90' lang='lat' dir='ltr'><strong>firma</strong></span> <span class='ocrx_word' id='word_1_101' title='bbox 640 1858 726 1921; x_wconf 88' lang='lat' dir='ltr'><strong>inter</strong></span> <span class='ocrx_word' id='word_1_102' title='bbox 749 1880 773 1923; x_wconf 91' lang='lat' dir='ltr'><strong>s.</strong></span> <span class='ocrx_word' id='word_1_103' title='bbox 792 1857 987 1932; x_wconf 81' lang='lat' dir='ltr'><strong>Pontificem</strong></span> <span class='ocrx_word' id='word_1_104' title='bbox 1012 1868 1044 1922; x_wconf 91' lang='lat' dir='ltr'><strong>ct</strong></span> <span class='ocrx_word' id='word_1_105' title='bbox 1058 1858 1182 1944; x_wconf 86' lang='lat' dir='ltr'><strong>Regem</strong></span> 
     </span>
     <span class='ocr_line' id='line_1_15' title="bbox 61 1952 1182 2040; baseline 0.005 -26"><span class='ocrx_word' id='word_1_106' title='bbox 61 1952 373 2018; x_wconf 88' lang='lat' dir='ltr'><strong>christianissimum</strong></span> <span class='ocrx_word' id='word_1_107' title='bbox 398 1955 575 2018; x_wconf 90' lang='lat' dir='ltr'><strong>concordia</strong></span> <span class='ocrx_word' id='word_1_108' title='bbox 591 1955 733 2039; x_wconf 87' lang='lat' dir='ltr'><strong>vigente,</strong></span> <span class='ocrx_word' id='word_1_109' title='bbox 759 1977 864 2040; x_wconf 89' lang='lat' dir='ltr'><strong>usque</strong></span> <span class='ocrx_word' id='word_1_110' title='bbox 888 1955 931 2019; x_wconf 89' lang='lat' dir='ltr'><strong>ad</strong></span> <span class='ocrx_word' id='word_1_111' title='bbox 953 1955 1099 2019; x_wconf 91' lang='lat' dir='ltr'><strong>medium</strong></span> <span class='ocrx_word' id='word_1_112' title='bbox 1116 1978 1182 2020; x_wconf 88' lang='lat' dir='ltr'><strong>sae-</strong></span> 
     </span>
     <span class='ocr_line' id='line_1_16' title="bbox 60 2048 1182 2139; baseline 0.004 -27"><span class='ocrx_word' id='word_1_113' title='bbox 60 2051 167 2114; x_wconf 88' lang='lat' dir='ltr'><strong>culum</strong></span> <span class='ocrx_word' id='word_1_114' title='bbox 203 2052 550 2138; x_wconf 88' lang='lat' dir='ltr'><strong>decimumseptimum</strong></span> <span class='ocrx_word' id='word_1_115' title='bbox 575 2051 851 2118; x_wconf 85' lang='lat' dir='ltr'><strong>Gallicanismum</strong></span> <span class='ocrx_word' id='word_1_116' title='bbox 880 2055 987 2137; x_wconf 91' lang='lat' dir='ltr'><strong>magis</strong></span> <span class='ocrx_word' id='word_1_117' title='bbox 1011 2048 1182 2139; x_wconf 84' lang='lat' dir='ltr'><strong>magisque</strong></span> 
     </span>
     <span class='ocr_line' id='line_1_17' title="bbox 61 2148 1183 2215; baseline 0.004 -5"><span class='ocrx_word' id='word_1_118' title='bbox 61 2149 93 2211; x_wconf 91' lang='lat' dir='ltr'><strong>in</strong></span> <span class='ocrx_word' id='word_1_119' title='bbox 116 2148 247 2214; x_wconf 79' lang='lat' dir='ltr'><strong>Galliae</strong></span> <span class='ocrx_word' id='word_1_120' title='bbox 271 2148 419 2213; x_wconf 89' lang='lat' dir='ltr'><strong>ecclesiis</strong></span> <span class='ocrx_word' id='word_1_121' title='bbox 443 2151 656 2213; x_wconf 91' lang='lat' dir='ltr'><strong>imminutum</strong></span> <span class='ocrx_word' id='word_1_122' title='bbox 681 2150 792 2215; x_wconf 89' lang='lat' dir='ltr'><strong>fuisse.</strong></span> <span class='ocrx_word' id='word_1_123' title='bbox 840 2149 1039 2214; x_wconf 90' lang='lat' dir='ltr'><strong>Edmundus</strong></span> <span class='ocrx_word' id='word_1_124' title='bbox 1061 2150 1183 2215; x_wconf 85' lang='lat' dir='ltr'><strong>Richer</strong></span> 
     </span>
    </p>
   </div>
   <div class='ocr_carea' id='block_1_4' title="bbox 12 2415 1182 4324">
    <p class='ocr_par' dir='ltr' id='par_1_4' title="bbox 12 2415 1182 4324">
     <span class='ocr_line' id='line_1_18' title="bbox 132 2415 1181 2482; baseline 0.001 -13"><span class='ocrx_word' id='word_1_125' title='bbox 132 2418 149 2479; x_wconf 74' lang='lat' dir='ltr'><strong>&#39;l</strong></span> <span class='ocrx_word' id='word_1_126' title='bbox 168 2417 204 2469; x_wconf 87' lang='lat' dir='ltr'><strong>V.</strong></span> <span class='ocrx_word' id='word_1_127' title='bbox 218 2416 283 2470; x_wconf 84' lang='lat' dir='ltr'><strong>Coll.</strong></span> <span class='ocrx_word' id='word_1_128' title='bbox 297 2415 407 2470; x_wconf 87' lang='lat' dir='ltr'><strong>Lacens.</strong></span> <span class='ocrx_word' id='word_1_129' title='bbox 421 2416 451 2469; x_wconf 83' lang='grc' dir='ltr'><strong>Τ.</strong></span> <span class='ocrx_word' id='word_1_130' title='bbox 466 2417 486 2468; x_wconf 91' lang='grc' dir='ltr'><strong>Ι.</strong></span> <span class='ocrx_word' id='word_1_131' title='bbox 498 2431 523 2482; x_wconf 88' lang='lat' dir='ltr'><strong>p.</strong></span> <span class='ocrx_word' id='word_1_132' title='bbox 538 2417 597 2470; x_wconf 77' lang='lat'>795.</span> <span class='ocrx_word' id='word_1_133' title='bbox 611 2445 642 2454; x_wconf 90' lang='lat'><strong>—</strong></span> <span class='ocrx_word' id='word_1_134' title='bbox 656 2415 747 2481; x_wconf 76' lang='lat' dir='ltr'><strong>(ierin,</strong></span> <span class='ocrx_word' id='word_1_135' title='bbox 761 2416 777 2470; x_wconf 94' lang='lat' dir='ltr'><strong>l.</strong></span> <span class='ocrx_word' id='word_1_136' title='bbox 792 2433 814 2471; x_wconf 90' lang='lat' dir='ltr'><strong>c.</strong></span> <span class='ocrx_word' id='word_1_137' title='bbox 827 2416 868 2470; x_wconf 89' lang='lat' dir='ltr'><strong>ed.</strong></span> <span class='ocrx_word' id='word_1_138' title='bbox 877 2417 902 2472; x_wconf 82' lang='grc'><strong>2.</strong></span> <span class='ocrx_word' id='word_1_139' title='bbox 914 2415 961 2471; x_wconf 87' lang='lat' dir='ltr'><strong>Oh.</strong></span> <span class='ocrx_word' id='word_1_140' title='bbox 973 2418 996 2470; x_wconf 90' lang='lat' dir='ltr'><strong>l.</strong></span> <span class='ocrx_word' id='word_1_141' title='bbox 1007 2416 1089 2471; x_wconf 91' lang='lat' dir='ltr'><strong>Biens</strong></span> <span class='ocrx_word' id='word_1_142' title='bbox 1100 2417 1181 2472; x_wconf 88' lang='lat' dir='ltr'><strong>eccle-</strong></span> 
     </span>
     <span class='ocr_line' id='line_1_19' title="bbox 12 2495 1180 2564; baseline 0.002 -17"><span class='ocrx_word' id='word_1_143' title='bbox 12 2535 13 2540; x_wconf 32' lang='lat'>1</span> <span class='ocrx_word' id='word_1_144' title='bbox 59 2495 202 2563; x_wconf 86' lang='lat' dir='ltr'><strong>siastiques</strong></span> <span class='ocrx_word' id='word_1_145' title='bbox 215 2495 365 2550; x_wconf 81' lang='lat' dir='ltr'><strong>soushouis</strong></span> <span class='ocrx_word' id='word_1_146' title='bbox 376 2496 490 2550; x_wconf 88' lang='lat' dir='ltr'><strong>XIV.-</strong></span> <span class='ocrx_word' id='word_1_147' title='bbox 502 2496 734 2563; x_wconf 79' lang='lat' dir='ltr'><strong>operaepretium</strong></span> <span class='ocrx_word' id='word_1_148' title='bbox 748 2502 790 2551; x_wconf 88' lang='lat' dir='ltr'><strong>est</strong></span> <span class='ocrx_word' id='word_1_149' title='bbox 802 2502 835 2550; x_wconf 92' lang='lat' dir='ltr'><strong>ut</strong></span> <span class='ocrx_word' id='word_1_150' title='bbox 844 2496 960 2564; x_wconf 82' lang='lat' dir='ltr'><strong>exempli</strong></span> <span class='ocrx_word' id='word_1_151' title='bbox 970 2496 1058 2549; x_wconf 88' lang='lat' dir='ltr'><strong>instar</strong></span> <span class='ocrx_word' id='word_1_152' title='bbox 1071 2511 1103 2550; x_wconf 92' lang='lat' dir='ltr'><strong>ea</strong></span> <span class='ocrx_word' id='word_1_153' title='bbox 1116 2496 1180 2550; x_wconf 90' lang='lat' dir='ltr'><strong>cite-</strong></span> 
     </span>
     <span class='ocr_line' id='line_1_20' title="bbox 61 2575 1180 2645; baseline 0.002 -17"><span class='ocrx_word' id='word_1_154' title='bbox 61 2591 120 2640; x_wconf 88' lang='lat' dir='ltr'><strong>mus,</strong></span> <span class='ocrx_word' id='word_1_155' title='bbox 134 2592 206 2643; x_wconf 87' lang='lat' dir='ltr'><strong>quae</strong></span> <span class='ocrx_word' id='word_1_156' title='bbox 219 2577 251 2630; x_wconf 91' lang='lat' dir='ltr'><strong>de</strong></span> <span class='ocrx_word' id='word_1_157' title='bbox 263 2576 351 2642; x_wconf 87' lang='lat' dir='ltr'><strong>seipso</strong></span> <span class='ocrx_word' id='word_1_158' title='bbox 364 2575 459 2630; x_wconf 89' lang='lat' dir='ltr'><strong>scribit</strong></span> <span class='ocrx_word' id='word_1_159' title='bbox 471 2575 572 2631; x_wconf 73' lang='lat' dir='ltr'><strong>Fabius</strong></span> <span class='ocrx_word' id='word_1_160' title='bbox 585 2576 618 2629; x_wconf 89' lang='lat' dir='ltr'><strong>de</strong></span> <span class='ocrx_word' id='word_1_161' title='bbox 628 2576 726 2643; x_wconf 82' lang='lat' dir='ltr'><strong>Sillery</strong></span> <span class='ocrx_word' id='word_1_162' title='bbox 739 2594 765 2631; x_wconf 83' lang='lat' dir='ltr'><strong>n.</strong></span> <span class='ocrx_word' id='word_1_163' title='bbox 779 2593 803 2635; x_wconf 72' lang='lat' dir='ltr'><strong>a.</strong></span> <span class='ocrx_word' id='word_1_164' title='bbox 820 2576 888 2631; x_wconf 81' lang='grc' dir='ltr'><strong>16ὁὸ</strong></span> <span class='ocrx_word' id='word_1_165' title='bbox 903 2584 931 2631; x_wconf 92' lang='lat' dir='ltr'><strong>et</strong></span> <span class='ocrx_word' id='word_1_166' title='bbox 944 2579 1099 2631; x_wconf 88' lang='lat' dir='ltr'><strong>nominatus</strong></span> <span class='ocrx_word' id='word_1_167' title='bbox 1112 2579 1180 2645; x_wconf 89' lang='lat' dir='ltr'><strong>epis-</strong></span> 
     </span>
     <span class='ocr_line' id='line_1_21' title="bbox 59 2654 1182 2725; baseline 0.002 -17"><span class='ocrx_word' id='word_1_168' title='bbox 59 2671 135 2724; x_wconf 91' lang='lat' dir='ltr'><strong>copus</strong></span> <span class='ocrx_word' id='word_1_169' title='bbox 148 2654 349 2711; x_wconf 74' lang='lat' dir='ltr'><strong>suessionensis</strong></span> <span class='ocrx_word' id='word_1_170' title='bbox 362 2670 388 2710; x_wconf 85' lang='lat' dir='ltr'><strong>a.</strong></span> <span class='ocrx_word' id='word_1_171' title='bbox 404 2657 480 2720; x_wconf 82' lang='lat'><strong>1685,</strong></span> <span class='ocrx_word' id='word_1_172' title='bbox 493 2655 537 2708; x_wconf 90' lang='lat' dir='ltr'><strong>vir</strong></span> <span class='ocrx_word' id='word_1_173' title='bbox 548 2655 610 2723; x_wconf 90' lang='lat' dir='ltr'><strong>pius</strong></span> <span class='ocrx_word' id='word_1_174' title='bbox 624 2663 652 2708; x_wconf 92' lang='lat' dir='ltr'><strong>et</strong></span> <span class='ocrx_word' id='word_1_175' title='bbox 665 2656 767 2709; x_wconf 86' lang='lat' dir='ltr'><strong>doctus.</strong></span> <span class='ocrx_word' id='word_1_176' title='bbox 795 2658 835 2720; x_wconf 81' lang='lat' dir='ltr'><strong>,A</strong></span> <span class='ocrx_word' id='word_1_177' title='bbox 848 2655 921 2725; x_wconf 79' lang='lat' dir='ltr'><strong>l&#39;ege</strong></span> <span class='ocrx_word' id='word_1_178' title='bbox 933 2655 1071 2711; x_wconf 86' lang='lat' dir='ltr'><strong>d&#39;environ</strong></span> <span class='ocrx_word' id='word_1_179' title='bbox 1085 2673 1152 2712; x_wconf 84' lang='lat' dir='ltr'><strong>onze</strong></span> <span class='ocrx_word' id='word_1_180' title='bbox 1165 2661 1182 2710; x_wconf 83' lang='lat' dir='ltr'><strong>e</strong></span> 
     </span>
     <span class='ocr_line' id='line_1_22' title="bbox 58 2735 1182 2804; baseline 0.004 -16"><span class='ocrx_word' id='word_1_181' title='bbox 58 2735 138 2790; x_wconf 82' lang='lat' dir='ltr'><strong>douae</strong></span> <span class='ocrx_word' id='word_1_182' title='bbox 150 2753 211 2797; x_wconf 90' lang='lat' dir='ltr'><strong>ans,</strong></span> <span class='ocrx_word' id='word_1_183' title='bbox 222 2737 251 2804; x_wconf 76' lang='lat' dir='ltr'><strong>Je</strong></span> <span class='ocrx_word' id='word_1_184' title='bbox 263 2736 307 2789; x_wconf 82' lang='lat' dir='ltr'><strong>fus</strong></span> <span class='ocrx_word' id='word_1_185' title='bbox 322 2750 426 2803; x_wconf 89' lang='lat' dir='ltr'><strong>pourvu</strong></span> <span class='ocrx_word' id='word_1_186' title='bbox 441 2735 474 2789; x_wconf 92' lang='lat' dir='ltr'><strong>de</strong></span> <span class='ocrx_word' id='word_1_187' title='bbox 491 2735 614 2803; x_wconf 84' lang='lat' dir='ltr'><strong>l&#39;abbaye</strong></span> <span class='ocrx_word' id='word_1_188' title='bbox 632 2736 664 2789; x_wconf 90' lang='lat' dir='ltr'><strong>de</strong></span> <span class='ocrx_word' id='word_1_189' title='bbox 679 2736 857 2803; x_wconf 74' lang='lat' dir='ltr'><strong>SaintBasla</strong></span> <span class='ocrx_word' id='word_1_190' title='bbox 870 2737 976 2791; x_wconf 77' lang='lat' dir='ltr'><strong>diocese</strong></span> <span class='ocrx_word' id='word_1_191' title='bbox 994 2736 1027 2790; x_wconf 91' lang='lat' dir='ltr'><strong>de</strong></span> <span class='ocrx_word' id='word_1_192' title='bbox 1039 2737 1138 2802; x_wconf 87' lang='lat' dir='ltr'><strong>Reims,</strong></span> <span class='ocrx_word' id='word_1_193' title='bbox 1153 2745 1182 2792; x_wconf 90' lang='lat' dir='ltr'><strong>et</strong></span> 
     </span>
     <span class='ocr_line' id='line_1_23' title="bbox 58 2815 1182 2884; baseline 0.004 -17"><span class='ocrx_word' id='word_1_194' title='bbox 58 2815 123 2870; x_wconf 84' lang='lat' dir='ltr'><strong>deux</strong></span> <span class='ocrx_word' id='word_1_195' title='bbox 134 2833 168 2871; x_wconf 90' lang='lat' dir='ltr'><strong>ou</strong></span> <span class='ocrx_word' id='word_1_196' title='bbox 181 2816 251 2869; x_wconf 91' lang='lat' dir='ltr'><strong>trois</strong></span> <span class='ocrx_word' id='word_1_197' title='bbox 263 2831 312 2869; x_wconf 93' lang='lat' dir='ltr'><strong>ans</strong></span> <span class='ocrx_word' id='word_1_198' title='bbox 322 2817 408 2882; x_wconf 87' lang='lat' dir='ltr'><strong>apres,</strong></span> <span class='ocrx_word' id='word_1_199' title='bbox 418 2815 446 2883; x_wconf 90' lang='lat' dir='ltr'><strong>je</strong></span> <span class='ocrx_word' id='word_1_200' title='bbox 456 2816 482 2869; x_wconf 92' lang='lat' dir='ltr'><strong>le</strong></span> <span class='ocrx_word' id='word_1_201' title='bbox 492 2815 535 2870; x_wconf 83' lang='lat' dir='ltr'><strong>fus</strong></span> <span class='ocrx_word' id='word_1_202' title='bbox 545 2831 641 2870; x_wconf 89' lang='lat' dir='ltr'><strong>encore</strong></span> <span class='ocrx_word' id='word_1_203' title='bbox 651 2817 684 2870; x_wconf 90' lang='lat' dir='ltr'><strong>de</strong></span> <span class='ocrx_word' id='word_1_204' title='bbox 695 2815 817 2884; x_wconf 86' lang='lat' dir='ltr'><strong>l&#39;abhaye</strong></span> <span class='ocrx_word' id='word_1_205' title='bbox 830 2817 863 2871; x_wconf 90' lang='lat' dir='ltr'><strong>de</strong></span> <span class='ocrx_word' id='word_1_206' title='bbox 872 2816 1061 2872; x_wconf 83' lang='lat' dir='ltr'><strong>Saint-Michei</strong></span> <span class='ocrx_word' id='word_1_207' title='bbox 1071 2818 1104 2870; x_wconf 89' lang='lat' dir='ltr'><strong>de</strong></span> <span class='ocrx_word' id='word_1_208' title='bbox 1113 2817 1182 2872; x_wconf 88' lang='lat' dir='ltr'><strong>Tou·</strong></span> 
     </span>
     <span class='ocr_line' id='line_1_24' title="bbox 58 2895 1182 2965; baseline 0.002 -16"><span class='ocrx_word' id='word_1_209' title='bbox 58 2911 139 2963; x_wconf 84' lang='lat' dir='ltr'><strong>nerra,</strong></span> <span class='ocrx_word' id='word_1_210' title='bbox 153 2897 260 2952; x_wconf 76' lang='lat' dir='ltr'><strong>diocese</strong></span> <span class='ocrx_word' id='word_1_211' title='bbox 278 2897 311 2950; x_wconf 89' lang='lat' dir='ltr'><strong>de</strong></span> <span class='ocrx_word' id='word_1_212' title='bbox 324 2896 456 2964; x_wconf 84' lang='lat' dir='ltr'><strong>Langres.</strong></span> <span class='ocrx_word' id='word_1_213' title='bbox 488 2895 528 2948; x_wconf 82' lang='lat' dir='ltr'><strong>ha</strong></span> <span class='ocrx_word' id='word_1_214' title='bbox 546 2896 677 2963; x_wconf 79' lang='lat' dir='ltr'><strong>premiere</strong></span> <span class='ocrx_word' id='word_1_215' title='bbox 690 2912 780 2963; x_wconf 88' lang='lat' dir='ltr'><strong>vaqua</strong></span> <span class='ocrx_word' id='word_1_216' title='bbox 798 2912 848 2965; x_wconf 91' lang='lat' dir='ltr'><strong>par</strong></span> <span class='ocrx_word' id='word_1_217' title='bbox 866 2896 893 2949; x_wconf 91' lang='lat' dir='ltr'><strong>la</strong></span> <span class='ocrx_word' id='word_1_218' title='bbox 911 2904 982 2950; x_wconf 91' lang='lat' dir='ltr'><strong>mort</strong></span> <span class='ocrx_word' id='word_1_219' title='bbox 1000 2895 1061 2950; x_wconf 89' lang='lat' dir='ltr'><strong>d&#39;un</strong></span> <span class='ocrx_word' id='word_1_220' title='bbox 1080 2897 1113 2951; x_wconf 91' lang='lat' dir='ltr'><strong>de</strong></span> <span class='ocrx_word' id='word_1_221' title='bbox 1125 2913 1182 2951; x_wconf 90' lang='lat' dir='ltr'><strong>mes</strong></span> 
     </span>
     <span class='ocr_line' id='line_1_25' title="bbox 60 2974 1182 3043; baseline 0.003 -16"><span class='ocrx_word' id='word_1_222' title='bbox 60 2974 147 3043; x_wconf 85' lang='lat' dir='ltr'><strong>freres,</strong></span> <span class='ocrx_word' id='word_1_223' title='bbox 168 2982 199 3030; x_wconf 91' lang='lat' dir='ltr'><strong>et</strong></span> <span class='ocrx_word' id='word_1_224' title='bbox 227 2991 257 3030; x_wconf 87' lang='lat' dir='ltr'><strong>ca</strong></span> <span class='ocrx_word' id='word_1_225' title='bbox 281 2975 325 3029; x_wconf 82' lang='lat' dir='ltr'><strong>fut</strong></span> <span class='ocrx_word' id='word_1_226' title='bbox 342 2976 377 3030; x_wconf 89' lang='lat' dir='ltr'><strong>M.</strong></span> <span class='ocrx_word' id='word_1_227' title='bbox 404 2976 438 3030; x_wconf 90' lang='lat' dir='ltr'><strong>de</strong></span> <span class='ocrx_word' id='word_1_228' title='bbox 456 2976 581 3030; x_wconf 86' lang='lat' dir='ltr'><strong>Turenne</strong></span> <span class='ocrx_word' id='word_1_229' title='bbox 606 2977 652 3042; x_wconf 86' lang='lat' dir='ltr'><strong>qui</strong></span> <span class='ocrx_word' id='word_1_230' title='bbox 677 2977 704 3030; x_wconf 88' lang='lat' dir='ltr'><strong>la</strong></span> <span class='ocrx_word' id='word_1_231' title='bbox 729 2977 860 3030; x_wconf 89' lang='lat' dir='ltr'><strong>demanda</strong></span> <span class='ocrx_word' id='word_1_232' title='bbox 885 2992 920 3030; x_wconf 91' lang='lat' dir='ltr'><strong>au</strong></span> <span class='ocrx_word' id='word_1_233' title='bbox 944 2977 997 3030; x_wconf 88' lang='lat' dir='ltr'><strong>Rei</strong></span> <span class='ocrx_word' id='word_1_234' title='bbox 1021 2977 1128 3043; x_wconf 86' lang='lat' dir='ltr'><strong>lorsque</strong></span> <span class='ocrx_word' id='word_1_235' title='bbox 1151 2993 1182 3031; x_wconf 91' lang='lat' dir='ltr'><strong>sa</strong></span> 
     </span>
     <span class='ocr_line' id='line_1_26' title="bbox 60 3054 1181 3125; baseline 0.002 -15"><span class='ocrx_word' id='word_1_236' title='bbox 60 3055 173 3125; x_wconf 79' lang='lat' dir='ltr'><strong>MaJ‘este</strong></span> <span class='ocrx_word' id='word_1_237' title='bbox 200 3055 295 3110; x_wconf 84' lang='lat' dir='ltr'><strong>faisait</strong></span> <span class='ocrx_word' id='word_1_238' title='bbox 312 3056 337 3109; x_wconf 93' lang='lat' dir='ltr'><strong>le</strong></span> <span class='ocrx_word' id='word_1_239' title='bbox 356 3057 431 3124; x_wconf 85' lang='lat' dir='ltr'><strong>siege</strong></span> <span class='ocrx_word' id='word_1_240' title='bbox 450 3057 482 3110; x_wconf 88' lang='lat' dir='ltr'><strong>de</strong></span> <span class='ocrx_word' id='word_1_241' title='bbox 500 3055 571 3109; x_wconf 90' lang='lat' dir='ltr'><strong>Lille</strong></span> <span class='ocrx_word' id='word_1_242' title='bbox 590 3071 623 3109; x_wconf 91' lang='lat' dir='ltr'><strong>en</strong></span> <span class='ocrx_word' id='word_1_243' title='bbox 645 3057 738 3114; x_wconf 84' lang='grc'><strong>1667..</strong></span> <span class='ocrx_word' id='word_1_244' title='bbox 751 3096 775 3110; x_wconf 92' lang='grc'><strong>..</strong></span> <span class='ocrx_word' id='word_1_245' title='bbox 797 3055 836 3110; x_wconf 87' lang='lat' dir='ltr'><strong>Le</strong></span> <span class='ocrx_word' id='word_1_246' title='bbox 855 3054 906 3110; x_wconf 88' lang='lat' dir='ltr'><strong>Roi</strong></span> <span class='ocrx_word' id='word_1_247' title='bbox 925 3057 1055 3111; x_wconf 84' lang='lat' dir='ltr'><strong>l&#39;accorda</strong></span> <span class='ocrx_word' id='word_1_248' title='bbox 1080 3073 1126 3111; x_wconf 89' lang='lat' dir='ltr'><strong>sur</strong></span> <span class='ocrx_word' id='word_1_249' title='bbox 1144 3057 1181 3112; x_wconf 94' lang='lat' dir='ltr'><strong>le-</strong></span> 
     </span>
     <span class='ocr_line' id='line_1_27' title="bbox 60 3135 1181 3205; baseline 0.002 -17"><span class='ocrx_word' id='word_1_250' title='bbox 60 3136 166 3204; x_wconf 87' lang='lat' dir='ltr'><strong>champ:</strong></span> <span class='ocrx_word' id='word_1_251' title='bbox 189 3153 218 3190; x_wconf 91' lang='lat' dir='ltr'><strong>ce</strong></span> <span class='ocrx_word' id='word_1_252' title='bbox 237 3135 334 3190; x_wconf 89' lang='lat' dir='ltr'><strong>n&#39;etait</strong></span> <span class='ocrx_word' id='word_1_253' title='bbox 353 3151 400 3203; x_wconf 87' lang='lat' dir='ltr'><strong>pas</strong></span> <span class='ocrx_word' id='word_1_254' title='bbox 420 3151 515 3190; x_wconf 89' lang='lat' dir='ltr'><strong>encore</strong></span> <span class='ocrx_word' id='word_1_255' title='bbox 533 3137 560 3188; x_wconf 90' lang='lat' dir='ltr'><strong>la</strong></span> <span class='ocrx_word' id='word_1_256' title='bbox 575 3137 653 3190; x_wconf 89' lang='lat' dir='ltr'><strong>mode</strong></span> <span class='ocrx_word' id='word_1_257' title='bbox 671 3152 705 3189; x_wconf 92' lang='lat' dir='ltr'><strong>en</strong></span> <span class='ocrx_word' id='word_1_258' title='bbox 724 3151 754 3190; x_wconf 93' lang='lat' dir='ltr'><strong>ce</strong></span> <span class='ocrx_word' id='word_1_259' title='bbox 768 3137 894 3203; x_wconf 81' lang='lat' dir='ltr'><strong>temps-le</strong></span> <span class='ocrx_word' id='word_1_260' title='bbox 913 3138 946 3190; x_wconf 87' lang='lat' dir='ltr'><strong>de</strong></span> <span class='ocrx_word' id='word_1_261' title='bbox 964 3151 1057 3205; x_wconf 88' lang='lat' dir='ltr'><strong>passer</strong></span> <span class='ocrx_word' id='word_1_262' title='bbox 1075 3152 1124 3204; x_wconf 90' lang='lat' dir='ltr'><strong>par</strong></span> <span class='ocrx_word' id='word_1_263' title='bbox 1142 3137 1181 3191; x_wconf 89' lang='lat' dir='ltr'><strong>les</strong></span> 
     </span>
     <span class='ocr_line' id='line_1_28' title="bbox 58 3214 1181 3283; baseline 0 -14"><span class='ocrx_word' id='word_1_264' title='bbox 58 3217 141 3270; x_wconf 87' lang='lat' dir='ltr'><strong>mains</strong></span> <span class='ocrx_word' id='word_1_265' title='bbox 167 3214 230 3269; x_wconf 86' lang='lat' dir='ltr'><strong>d&#39;un</strong></span> <span class='ocrx_word' id='word_1_266' title='bbox 250 3214 404 3270; x_wconf 77' lang='lat' dir='ltr'><strong>confesseur</strong></span> <span class='ocrx_word' id='word_1_267' title='bbox 428 3232 496 3283; x_wconf 88' lang='lat' dir='ltr'><strong>pour</strong></span> <span class='ocrx_word' id='word_1_268' title='bbox 514 3216 621 3270; x_wconf 90' lang='lat' dir='ltr'><strong>obtenir</strong></span> <span class='ocrx_word' id='word_1_269' title='bbox 646 3217 692 3270; x_wconf 89' lang='lat' dir='ltr'><strong>des</strong></span> <span class='ocrx_word' id='word_1_270' title='bbox 711 3216 848 3271; x_wconf 84' lang='lat' dir='ltr'><strong>beneficas.</strong></span> <span class='ocrx_word' id='word_1_271' title='bbox 887 3216 923 3270; x_wconf 79' lang='lat' dir='ltr'><strong>Oe</strong></span> <span class='ocrx_word' id='word_1_272' title='bbox 945 3215 990 3270; x_wconf 85' lang='lat' dir='ltr'><strong>fut</strong></span> <span class='ocrx_word' id='word_1_273' title='bbox 1007 3216 1130 3270; x_wconf 86' lang='lat' dir='ltr'><strong>madame</strong></span> <span class='ocrx_word' id='word_1_274' title='bbox 1148 3217 1181 3269; x_wconf 91' lang='lat' dir='ltr'><strong>de</strong></span> 
     </span>
     <span class='ocr_line' id='line_1_29' title="bbox 60 3293 1181 3364; baseline 0.003 -17"><span class='ocrx_word' id='word_1_275' title='bbox 60 3293 217 3362; x_wconf 85' lang='lat' dir='ltr'><strong>Puysienlx.</strong></span> <span class='ocrx_word' id='word_1_276' title='bbox 244 3311 289 3348; x_wconf 91' lang='lat' dir='ltr'><strong>ma</strong></span> <span class='ocrx_word' id='word_1_277' title='bbox 311 3295 407 3362; x_wconf 85' lang='lat' dir='ltr'><strong>grand&#39;</strong></span> <span class='ocrx_word' id='word_1_278' title='bbox 427 3297 513 3359; x_wconf 86' lang='lat' dir='ltr'><strong>mere,</strong></span> <span class='ocrx_word' id='word_1_279' title='bbox 540 3297 586 3362; x_wconf 88' lang='lat' dir='ltr'><strong>qui</strong></span> <span class='ocrx_word' id='word_1_280' title='bbox 604 3295 696 3349; x_wconf 87' lang='lat' dir='ltr'><strong>obtint</strong></span> <span class='ocrx_word' id='word_1_281' title='bbox 715 3296 751 3349; x_wconf 90' lang='lat' dir='ltr'><strong>du</strong></span> <span class='ocrx_word' id='word_1_282' title='bbox 769 3296 820 3350; x_wconf 84' lang='lat' dir='ltr'><strong>Roi</strong></span> <span class='ocrx_word' id='word_1_283' title='bbox 846 3311 914 3364; x_wconf 89' lang='lat' dir='ltr'><strong>pour</strong></span> <span class='ocrx_word' id='word_1_284' title='bbox 931 3295 984 3350; x_wconf 91' lang='lat' dir='ltr'><strong>moi</strong></span> <span class='ocrx_word' id='word_1_285' title='bbox 1008 3294 1130 3363; x_wconf 84' lang='lat' dir='ltr'><strong>l&#39;abbaye</strong></span> <span class='ocrx_word' id='word_1_286' title='bbox 1148 3296 1181 3350; x_wconf 90' lang='lat' dir='ltr'><strong>de</strong></span> 
     </span>
     <span class='ocr_line' id='line_1_30' title="bbox 59 3374 1181 3432; baseline 0.001 -4"><span class='ocrx_word' id='word_1_287' title='bbox 59 3374 246 3430; x_wconf 80' lang='lat' dir='ltr'><strong>Saint-Michel</strong></span> <span class='ocrx_word' id='word_1_288' title='bbox 265 3376 297 3430; x_wconf 91' lang='lat' dir='ltr'><strong>de</strong></span> <span class='ocrx_word' id='word_1_289' title='bbox 316 3375 462 3432; x_wconf 85' lang='lat' dir='ltr'><strong>Tonnerre.</strong></span> <span class='ocrx_word' id='word_1_290' title='bbox 499 3377 594 3430; x_wconf 86' lang='lat' dir='ltr'><strong>Jeme</strong></span> <span class='ocrx_word' id='word_1_291' title='bbox 613 3376 670 3430; x_wconf 87' lang='lat' dir='ltr'><strong>suis</strong></span> <span class='ocrx_word' id='word_1_292' title='bbox 692 3376 760 3430; x_wconf 89' lang='lat' dir='ltr'><strong>donc</strong></span> <span class='ocrx_word' id='word_1_293' title='bbox 780 3379 876 3431; x_wconf 86' lang='lat' dir='ltr'><strong>trouve</strong></span> <span class='ocrx_word' id='word_1_294' title='bbox 895 3391 970 3430; x_wconf 85' lang='lat' dir='ltr'><strong>assez</strong></span> <span class='ocrx_word' id='word_1_295' title='bbox 990 3377 1023 3430; x_wconf 90' lang='lat' dir='ltr'><strong>de</strong></span> <span class='ocrx_word' id='word_1_296' title='bbox 1041 3375 1116 3430; x_wconf 88' lang='lat' dir='ltr'><strong>biens</strong></span> <span class='ocrx_word' id='word_1_297' title='bbox 1136 3377 1181 3430; x_wconf 87' lang='lat' dir='ltr'><strong>des</strong></span> 
     </span>
     <span class='ocr_line' id='line_1_31' title="bbox 60 3455 1180 3524; baseline 0.004 -17"><span class='ocrx_word' id='word_1_298' title='bbox 60 3469 99 3508; x_wconf 84' lang='lat' dir='ltr'><strong>rna</strong></span> <span class='ocrx_word' id='word_1_299' title='bbox 123 3457 256 3523; x_wconf 89' lang='lat' dir='ltr'><strong>premiere</strong></span> <span class='ocrx_word' id='word_1_300' title='bbox 279 3456 405 3522; x_wconf 77' lang='lat' dir='ltr'><strong>jeunesse</strong></span> <span class='ocrx_word' id='word_1_301' title='bbox 429 3472 497 3523; x_wconf 89' lang='lat' dir='ltr'><strong>pour</strong></span> <span class='ocrx_word' id='word_1_302' title='bbox 521 3455 710 3511; x_wconf 82' lang='lat' dir='ltr'><strong>m’entretenir</strong></span> <span class='ocrx_word' id='word_1_303' title='bbox 733 3457 938 3521; x_wconf 84' lang='lat' dir='ltr'><strong>honnetement‚</strong></span> <span class='ocrx_word' id='word_1_304' title='bbox 967 3457 999 3510; x_wconf 88' lang='lat' dir='ltr'><strong>de</strong></span> <span class='ocrx_word' id='word_1_305' title='bbox 1023 3463 1097 3512; x_wconf 86' lang='lat' dir='ltr'><strong>sorte</strong></span> <span class='ocrx_word' id='word_1_306' title='bbox 1122 3472 1180 3524; x_wconf 86' lang='lat' dir='ltr'><strong>que,</strong></span> 
     </span>
     <span class='ocr_line' id='line_1_32' title="bbox 60 3533 1181 3605; baseline 0.004 -19"><span class='ocrx_word' id='word_1_307' title='bbox 60 3533 171 3602; x_wconf 86' lang='lat' dir='ltr'><strong>lorsqu&#39;e</strong></span> <span class='ocrx_word' id='word_1_308' title='bbox 191 3535 263 3604; x_wconf 81' lang='lat' dir='ltr'><strong>l&#39;ege</strong></span> <span class='ocrx_word' id='word_1_309' title='bbox 283 3536 315 3590; x_wconf 89' lang='lat' dir='ltr'><strong>de</strong></span> <span class='ocrx_word' id='word_1_310' title='bbox 335 3536 432 3602; x_wconf 78' lang='lat' dir='ltr'><strong>quinae</strong></span> <span class='ocrx_word' id='word_1_311' title='bbox 450 3539 467 3588; x_wconf 79' lang='lat' dir='ltr'><strong>e</strong></span> <span class='ocrx_word' id='word_1_312' title='bbox 486 3537 557 3591; x_wconf 82' lang='lat' dir='ltr'><strong>seiae</strong></span> <span class='ocrx_word' id='word_1_313' title='bbox 576 3552 625 3590; x_wconf 91' lang='lat' dir='ltr'><strong>ans</strong></span> <span class='ocrx_word' id='word_1_314' title='bbox 647 3537 675 3604; x_wconf 89' lang='lat' dir='ltr'><strong>je</strong></span> <span class='ocrx_word' id='word_1_315' title='bbox 694 3535 738 3591; x_wconf 83' lang='lat' dir='ltr'><strong>fus</strong></span> <span class='ocrx_word' id='word_1_316' title='bbox 757 3537 807 3591; x_wconf 92' lang='lat' dir='ltr'><strong>mis</strong></span> <span class='ocrx_word' id='word_1_317' title='bbox 826 3552 859 3591; x_wconf 94' lang='lat' dir='ltr'><strong>en</strong></span> <span class='ocrx_word' id='word_1_318' title='bbox 878 3535 1058 3605; x_wconf 90' lang='lat' dir='ltr'><strong>philosophie,</strong></span> <span class='ocrx_word' id='word_1_319' title='bbox 1086 3551 1120 3590; x_wconf 91' lang='lat' dir='ltr'><strong>on</strong></span> <span class='ocrx_word' id='word_1_320' title='bbox 1138 3551 1181 3590; x_wconf 89' lang='lat' dir='ltr'><strong>me</strong></span> 
     </span>
     <span class='ocr_line' id='line_1_33' title="bbox 58 3614 1180 3686; baseline 0.001 -17"><span class='ocrx_word' id='word_1_321' title='bbox 58 3614 144 3670; x_wconf 92' lang='lat' dir='ltr'><strong>donna</strong></span> <span class='ocrx_word' id='word_1_322' title='bbox 168 3632 206 3670; x_wconf 90' lang='lat' dir='ltr'><strong>un</strong></span> <span class='ocrx_word' id='word_1_323' title='bbox 226 3632 345 3670; x_wconf 85' lang='lat' dir='ltr'><strong>carrosse</strong></span> <span class='ocrx_word' id='word_1_324' title='bbox 370 3623 399 3670; x_wconf 92' lang='lat' dir='ltr'><strong>et</strong></span> <span class='ocrx_word' id='word_1_325' title='bbox 416 3621 478 3670; x_wconf 89' lang='lat' dir='ltr'><strong>tout</strong></span> <span class='ocrx_word' id='word_1_326' title='bbox 496 3632 534 3670; x_wconf 90' lang='lat' dir='ltr'><strong>un</strong></span> <span class='ocrx_word' id='word_1_327' title='bbox 553 3617 702 3686; x_wconf 84' lang='lat' dir='ltr'><strong>equipage,</strong></span> <span class='ocrx_word' id='word_1_328' title='bbox 730 3632 759 3670; x_wconf 89' lang='lat' dir='ltr'><strong>ee</strong></span> <span class='ocrx_word' id='word_1_329' title='bbox 778 3617 824 3685; x_wconf 87' lang='lat' dir='ltr'><strong>qni</strong></span> <span class='ocrx_word' id='word_1_330' title='bbox 843 3633 885 3672; x_wconf 92' lang='lat' dir='ltr'><strong>me</strong></span> <span class='ocrx_word' id='word_1_331' title='bbox 904 3632 1018 3685; x_wconf 88' lang='lat' dir='ltr'><strong>procura</strong></span> <span class='ocrx_word' id='word_1_332' title='bbox 1042 3617 1075 3670; x_wconf 90' lang='lat' dir='ltr'><strong>de</strong></span> <span class='ocrx_word' id='word_1_333' title='bbox 1093 3616 1180 3670; x_wconf 91' lang='lat' dir='ltr'><strong>bonne</strong></span> 
     </span>
     <span class='ocr_line' id='line_1_34' title="bbox 59 3693 1180 3765; baseline 0.002 -18"><span class='ocrx_word' id='word_1_334' title='bbox 59 3693 137 3752; x_wconf 87' lang='lat' dir='ltr'><strong>heure</strong></span> <span class='ocrx_word' id='word_1_335' title='bbox 161 3713 216 3750; x_wconf 90' lang='lat' dir='ltr'><strong>une</strong></span> <span class='ocrx_word' id='word_1_336' title='bbox 234 3699 326 3764; x_wconf 89' lang='lat' dir='ltr'><strong>espece</strong></span> <span class='ocrx_word' id='word_1_337' title='bbox 351 3697 384 3750; x_wconf 91' lang='lat' dir='ltr'><strong>de</strong></span> <span class='ocrx_word' id='word_1_338' title='bbox 403 3697 562 3751; x_wconf 88' lang='lat' dir='ltr'><strong>distinction</strong></span> <span class='ocrx_word' id='word_1_339' title='bbox 581 3702 659 3752; x_wconf 88' lang='lat' dir='ltr'><strong>entre</strong></span> <span class='ocrx_word' id='word_1_340' title='bbox 683 3703 744 3752; x_wconf 89' lang='lat' dir='ltr'><strong>tous</strong></span> <span class='ocrx_word' id='word_1_341' title='bbox 762 3698 801 3752; x_wconf 91' lang='lat' dir='ltr'><strong>les</strong></span> <span class='ocrx_word' id='word_1_342' title='bbox 817 3697 913 3765; x_wconf 85' lang='lat' dir='ltr'><strong>jannes</strong></span> <span class='ocrx_word' id='word_1_343' title='bbox 932 3711 1000 3764; x_wconf 88' lang='lat' dir='ltr'><strong>gens</strong></span> <span class='ocrx_word' id='word_1_344' title='bbox 1025 3695 1058 3750; x_wconf 93' lang='lat' dir='ltr'><strong>de</strong></span> <span class='ocrx_word' id='word_1_345' title='bbox 1076 3696 1180 3763; x_wconf 81' lang='lat' dir='ltr'><strong>qualite</strong></span> 
     </span>
     <span class='ocr_line' id='line_1_35' title="bbox 58 3774 1180 3846; baseline 0.004 -20"><span class='ocrx_word' id='word_1_346' title='bbox 58 3774 90 3828; x_wconf 92' lang='lat' dir='ltr'><strong>de</strong></span> <span class='ocrx_word' id='word_1_347' title='bbox 107 3779 192 3831; x_wconf 88' lang='lat' dir='ltr'><strong>meme</strong></span> <span class='ocrx_word' id='word_1_348' title='bbox 210 3775 359 3845; x_wconf 83' lang='lat' dir='ltr'><strong>profession</strong></span> <span class='ocrx_word' id='word_1_349' title='bbox 385 3792 437 3843; x_wconf 87' lang='lat' dir='ltr'><strong>que</strong></span> <span class='ocrx_word' id='word_1_350' title='bbox 455 3777 516 3830; x_wconf 91' lang='lat' dir='ltr'><strong>moi.</strong></span> <span class='ocrx_word' id='word_1_351' title='bbox 553 3778 578 3831; x_wconf 75' lang='lat' dir='ltr'>A</span> <span class='ocrx_word' id='word_1_352' title='bbox 597 3778 669 3846; x_wconf 80' lang='lat' dir='ltr'><strong>l&#39;ege</strong></span> <span class='ocrx_word' id='word_1_353' title='bbox 688 3779 720 3831; x_wconf 91' lang='lat' dir='ltr'><strong>de</strong></span> <span class='ocrx_word' id='word_1_354' title='bbox 739 3779 820 3846; x_wconf 82' lang='lat' dir='ltr'><strong>vingt</strong></span> <span class='ocrx_word' id='word_1_355' title='bbox 839 3783 922 3832; x_wconf 88' lang='lat' dir='ltr'><strong>etun</strong></span> <span class='ocrx_word' id='word_1_356' title='bbox 941 3793 1004 3840; x_wconf 92' lang='lat' dir='ltr'><strong>ans,</strong></span> <span class='ocrx_word' id='word_1_357' title='bbox 1028 3776 1056 3845; x_wconf 90' lang='lat' dir='ltr'><strong>je</strong></span> <span class='ocrx_word' id='word_1_358' title='bbox 1074 3777 1180 3830; x_wconf 86' lang='lat' dir='ltr'><strong>soutins</strong></span> 
     </span>
     <span class='ocr_line' id='line_1_36' title="bbox 61 3856 1180 3925; baseline 0.002 -18"><span class='ocrx_word' id='word_1_359' title='bbox 61 3869 103 3908; x_wconf 89' lang='lat' dir='ltr'><strong>ma</strong></span> <span class='ocrx_word' id='word_1_360' title='bbox 127 3858 204 3911; x_wconf 90' lang='lat' dir='ltr'><strong>these</strong></span> <span class='ocrx_word' id='word_1_361' title='bbox 228 3857 261 3910; x_wconf 92' lang='lat' dir='ltr'><strong>de</strong></span> <span class='ocrx_word' id='word_1_362' title='bbox 279 3857 417 3912; x_wconf 88' lang='lat' dir='ltr'><strong>tentative</strong></span> <span class='ocrx_word' id='word_1_363' title='bbox 443 3864 471 3911; x_wconf 89' lang='lat' dir='ltr'><strong>et</strong></span> <span class='ocrx_word' id='word_1_364' title='bbox 492 3857 520 3925; x_wconf 76' lang='lat' dir='ltr'><strong>Jc</strong></span> <span class='ocrx_word' id='word_1_365' title='bbox 543 3859 570 3912; x_wconf 93' lang='lat' dir='ltr'><strong>la</strong></span> <span class='ocrx_word' id='word_1_366' title='bbox 589 3858 678 3912; x_wconf 87' lang='lat' dir='ltr'><strong>dediai</strong></span> <span class='ocrx_word' id='word_1_367' title='bbox 703 3874 738 3912; x_wconf 92' lang='lat' dir='ltr'><strong>au</strong></span> <span class='ocrx_word' id='word_1_368' title='bbox 761 3859 821 3915; x_wconf 85' lang='lat' dir='ltr'><strong>Roi.</strong></span> <span class='ocrx_word' id='word_1_369' title='bbox 858 3859 883 3911; x_wconf 92' lang='lat' dir='ltr'>A</span> <span class='ocrx_word' id='word_1_370' title='bbox 907 3873 959 3924; x_wconf 88' lang='lat' dir='ltr'><strong>peu</strong></span> <span class='ocrx_word' id='word_1_371' title='bbox 983 3858 1044 3923; x_wconf 91' lang='lat' dir='ltr'><strong>pres</strong></span> <span class='ocrx_word' id='word_1_372' title='bbox 1063 3856 1129 3909; x_wconf 90' lang='lat' dir='ltr'><strong>dans</strong></span> <span class='ocrx_word' id='word_1_373' title='bbox 1155 3856 1180 3910; x_wconf 92' lang='lat' dir='ltr'><strong>le</strong></span> 
     </span>
     <span class='ocr_line' id='line_1_37' title="bbox 61 3935 1179 4006; baseline 0 -17"><span class='ocrx_word' id='word_1_374' title='bbox 61 3937 142 3991; x_wconf 86' lang='lat' dir='ltr'><strong>meme</strong></span> <span class='ocrx_word' id='word_1_375' title='bbox 167 3945 254 4005; x_wconf 86' lang='lat' dir='ltr'><strong>temps</strong></span> <span class='ocrx_word' id='word_1_376' title='bbox 279 3951 341 3990; x_wconf 89' lang='lat' dir='ltr'><strong>mon</strong></span> <span class='ocrx_word' id='word_1_377' title='bbox 369 3940 432 4004; x_wconf 89' lang='lat' dir='ltr'><strong>pere</strong></span> <span class='ocrx_word' id='word_1_378' title='bbox 450 3937 575 3991; x_wconf 90' lang='lat' dir='ltr'><strong>souhaita</strong></span> <span class='ocrx_word' id='word_1_379' title='bbox 600 3943 651 4005; x_wconf 87' lang='lat' dir='ltr'><strong>que</strong></span> <span class='ocrx_word' id='word_1_380' title='bbox 673 3937 875 4006; x_wconf 73' lang='lat' dir='ltr'><strong>J&#39;echangeasse</strong></span> <span class='ocrx_word' id='word_1_381' title='bbox 900 3935 1021 4002; x_wconf 86' lang='lat' dir='ltr'><strong>l&#39;ahbaye</strong></span> <span class='ocrx_word' id='word_1_382' title='bbox 1039 3936 1071 3990; x_wconf 91' lang='lat' dir='ltr'><strong>de</strong></span> <span class='ocrx_word' id='word_1_383' title='bbox 1090 3936 1179 3990; x_wconf 84' lang='lat' dir='ltr'><strong>Saint-</strong></span> 
     </span>
     <span class='ocr_line' id='line_1_38' title="bbox 60 4014 1179 4081; baseline 0.002 -13"><span class='ocrx_word' id='word_1_384' title='bbox 60 4014 154 4071; x_wconf 89' lang='lat' dir='ltr'><strong>Michel</strong></span> <span class='ocrx_word' id='word_1_385' title='bbox 166 4018 198 4071; x_wconf 89' lang='lat' dir='ltr'><strong>de</strong></span> <span class='ocrx_word' id='word_1_386' title='bbox 204 4017 342 4071; x_wconf 82' lang='lat' dir='ltr'><strong>Tonnerre</strong></span> <span class='ocrx_word' id='word_1_387' title='bbox 349 4026 442 4071; x_wconf 88' lang='lat' dir='ltr'><strong>contre</strong></span> <span class='ocrx_word' id='word_1_388' title='bbox 449 4019 514 4071; x_wconf 90' lang='lat' dir='ltr'><strong>celle</strong></span> <span class='ocrx_word' id='word_1_389' title='bbox 524 4019 557 4072; x_wconf 92' lang='lat' dir='ltr'><strong>de</strong></span> <span class='ocrx_word' id='word_1_390' title='bbox 564 4019 744 4071; x_wconf 79' lang='lat' dir='ltr'><strong>Natta-Dama</strong></span> <span class='ocrx_word' id='word_1_391' title='bbox 752 4019 784 4071; x_wconf 88' lang='lat' dir='ltr'><strong>de</strong></span> <span class='ocrx_word' id='word_1_392' title='bbox 792 4018 820 4071; x_wconf 89' lang='lat' dir='ltr'><strong>la</strong></span> <span class='ocrx_word' id='word_1_393' title='bbox 827 4018 925 4081; x_wconf 89' lang='lat' dir='ltr'><strong>Plesse,</strong></span> <span class='ocrx_word' id='word_1_394' title='bbox 933 4017 1037 4070; x_wconf 90' lang='lat' dir='ltr'><strong>diocese</strong></span> <span class='ocrx_word' id='word_1_395' title='bbox 1047 4017 1083 4069; x_wconf 92' lang='lat' dir='ltr'><strong>du</strong></span> <span class='ocrx_word' id='word_1_396' title='bbox 1092 4017 1179 4076; x_wconf 86' lang='lat' dir='ltr'><strong>Mans.</strong></span> 
     </span>
     <span class='ocr_line' id='line_1_39' title="bbox 62 4093 1178 4165; baseline 0.004 -19"><span class='ocrx_word' id='word_1_397' title='bbox 62 4093 135 4150; x_wconf 71' lang='lat' dir='ltr'><strong>(lette</strong></span> <span class='ocrx_word' id='word_1_398' title='bbox 159 4097 282 4151; x_wconf 88' lang='lat' dir='ltr'><strong>derniere</strong></span> <span class='ocrx_word' id='word_1_399' title='bbox 300 4097 371 4150; x_wconf 86' lang='lat' dir='ltr'><strong>etait</strong></span> <span class='ocrx_word' id='word_1_400' title='bbox 389 4097 515 4164; x_wconf 88' lang='lat' dir='ltr'><strong>possedee</strong></span> <span class='ocrx_word' id='word_1_401' title='bbox 539 4113 588 4165; x_wconf 89' lang='lat' dir='ltr'><strong>par</strong></span> <span class='ocrx_word' id='word_1_402' title='bbox 607 4096 694 4151; x_wconf 85' lang='lat' dir='ltr'><strong>l&#39;abbe</strong></span> <span class='ocrx_word' id='word_1_403' title='bbox 712 4098 745 4151; x_wconf 93' lang='lat' dir='ltr'><strong>de</strong></span> <span class='ocrx_word' id='word_1_404' title='bbox 764 4097 861 4165; x_wconf 87' lang='lat' dir='ltr'><strong>Sillery</strong></span> <span class='ocrx_word' id='word_1_405' title='bbox 886 4095 957 4150; x_wconf 86' lang='lat' dir='ltr'><strong>frere</strong></span> <span class='ocrx_word' id='word_1_406' title='bbox 976 4097 1009 4150; x_wconf 91' lang='lat' dir='ltr'><strong>de</strong></span> <span class='ocrx_word' id='word_1_407' title='bbox 1028 4111 1089 4150; x_wconf 93' lang='lat' dir='ltr'><strong>mon</strong></span> <span class='ocrx_word' id='word_1_408' title='bbox 1108 4099 1178 4164; x_wconf 86' lang='lat' dir='ltr'><strong>pere,</strong></span> 
     </span>
     <span class='ocr_line' id='line_1_40' title="bbox 61 4175 1179 4244; baseline 0.004 -17"><span class='ocrx_word' id='word_1_409' title='bbox 61 4181 88 4227; x_wconf 88' lang='lat' dir='ltr'><strong>et</strong></span> <span class='ocrx_word' id='word_1_410' title='bbox 104 4176 123 4230; x_wconf 96' lang='lat' dir='ltr'><strong>il</strong></span> <span class='ocrx_word' id='word_1_411' title='bbox 141 4177 169 4231; x_wconf 92' lang='lat' dir='ltr'><strong>la</strong></span> <span class='ocrx_word' id='word_1_412' title='bbox 186 4177 276 4231; x_wconf 86' lang='lat' dir='ltr'><strong>tenait</strong></span> <span class='ocrx_word' id='word_1_413' title='bbox 301 4177 334 4231; x_wconf 90' lang='lat' dir='ltr'><strong>de</strong></span> <span class='ocrx_word' id='word_1_414' title='bbox 352 4192 400 4231; x_wconf 88' lang='lat' dir='ltr'><strong>son</strong></span> <span class='ocrx_word' id='word_1_415' title='bbox 419 4177 495 4230; x_wconf 88' lang='lat' dir='ltr'><strong>oncle</strong></span> <span class='ocrx_word' id='word_1_416' title='bbox 513 4178 618 4231; x_wconf 88' lang='lat' dir='ltr'><strong>Leonor</strong></span> <span class='ocrx_word' id='word_1_417' title='bbox 636 4175 816 4244; x_wconf 80' lang='lat' dir='ltr'><strong>d&#39;Estempes,</strong></span> <span class='ocrx_word' id='word_1_418' title='bbox 842 4177 1009 4242; x_wconf 77' lang='lat' dir='ltr'><strong>arc-haveque</strong></span> <span class='ocrx_word' id='word_1_419' title='bbox 1027 4177 1060 4230; x_wconf 90' lang='lat' dir='ltr'><strong>de</strong></span> <span class='ocrx_word' id='word_1_420' title='bbox 1078 4175 1179 4231; x_wconf 88' lang='lat' dir='ltr'><strong>Reims.</strong></span> 
     </span>
     <span class='ocr_line' id='line_1_41' title="bbox 60 4252 1070 4324; baseline 0.004 -18"><span class='ocrx_word' id='word_1_421' title='bbox 60 4252 96 4307; x_wconf 83' lang='lat' dir='ltr'><strong>Ge</strong></span> <span class='ocrx_word' id='word_1_422' title='bbox 112 4255 157 4310; x_wconf 86' lang='lat' dir='ltr'><strong>fut</strong></span> <span class='ocrx_word' id='word_1_423' title='bbox 174 4258 241 4311; x_wconf 88' lang='lat' dir='ltr'><strong>donc</strong></span> <span class='ocrx_word' id='word_1_424' title='bbox 259 4272 325 4311; x_wconf 88' lang='lat' dir='ltr'><strong>avec</strong></span> <span class='ocrx_word' id='word_1_425' title='bbox 344 4272 406 4310; x_wconf 93' lang='lat' dir='ltr'><strong>mon</strong></span> <span class='ocrx_word' id='word_1_426' title='bbox 425 4258 501 4311; x_wconf 90' lang='lat' dir='ltr'><strong>oncle</strong></span> <span class='ocrx_word' id='word_1_427' title='bbox 520 4273 570 4324; x_wconf 87' lang='lat' dir='ltr'><strong>que</strong></span> <span class='ocrx_word' id='word_1_428' title='bbox 589 4256 730 4324; x_wconf 83' lang='lat' dir='ltr'><strong>l&#39;echange</strong></span> <span class='ocrx_word' id='word_1_429' title='bbox 748 4273 777 4310; x_wconf 90' lang='lat' dir='ltr'><strong>se</strong></span> <span class='ocrx_word' id='word_1_430' title='bbox 797 4255 854 4310; x_wconf 85' lang='lat' dir='ltr'><strong>fit.“</strong></span> <span class='ocrx_word' id='word_1_431' title='bbox 894 4257 922 4310; x_wconf 85' lang='lat' dir='ltr'><strong>L.</strong></span> <span class='ocrx_word' id='word_1_432' title='bbox 942 4273 964 4312; x_wconf 89' lang='lat' dir='ltr'><strong>c.</strong></span> <span class='ocrx_word' id='word_1_433' title='bbox 984 4273 1000 4324; x_wconf 91' lang='lat' dir='ltr'><strong>p</strong></span> <span class='ocrx_word' id='word_1_434' title='bbox 1028 4259 1070 4316; x_wconf 77' lang='grc'><strong>55,</strong></span> 
     </span>
    </p>
   </div>
   <div class='ocr_carea' id='block_1_5' title="bbox 964 4363 1018 4416">
    <p class='ocr_par' dir='ltr' id='par_1_5' title="bbox 964 4363 1018 4416">
     <span class='ocr_line' id='line_1_42' title="bbox 964 4363 1018 4416; baseline 0 0"><span class='ocrx_word' id='word_1_435' title='bbox 964 4363 1018 4416; x_wconf 77' lang='lat'><strong>⁶21*</strong></span> 
     </span>
    </p>
   </div>
   <div class='ocr_carea' id='block_1_6' title="bbox 0 0 1486 4912">
    <p class='ocr_par' dir='ltr' id='par_1_6' title="bbox 0 0 1486 4912">
     <span class='ocr_line' id='line_1_43' title="bbox 0 0 1486 4912; baseline 0 2"><span class='ocrx_word' id='word_1_436' title='bbox 0 0 1486 4912; x_wconf 95' lang='lat' dir='ltr'><strong> </strong></span> 
     </span>
    </p>
   </div>
  </div>
 </body>
</html>
