2964 4912
335 439 388 491 286
732 436 788 490 XL.
826 437 866 490 De
883 437 1061 494 Jansenismo.

335 578 655 666 plureshabebant.
702 579 742 643 In
766 579 991 644 Universitate
1024 581 1185 646 Duacena
1217 584 1317 646 etiam
1349 585 1434 666 magis

334 679 566 744 Jansenismus
596 677 763 763 serpebat,
803 679 893 764 quod
925 678 1092 742 detectum
1126 690 1174 742 est
1206 703 1235 745 a.
1271 682 1352 745 1691
1385 702 1433 766 ope

335 775 477 840 Amatur·
504 778 690 861 personati,
733 775 877 840 hominis
912 779 1088 860 anonymi,
1130 779 1187 863 qui
1223 787 1434 863 stratagemate

335 873 479 960 quodam
508 872 675 959 ambiguo,
704 873 823 938 litteris
851 873 895 938 ad
919 875 1118 959 professores
1142 876 1321 941 Duacenos
1344 879 1434 940 varios

335 973 478 1054 directis,
502 995 536 1036 se
558 973 656 1037 finxit
670 973 853 1037 Antonium
868 972 1055 1037 Arnaldum
1080 972 1220 1059 illosque
1241 974 1387 1056 adduxit,
1407 985 1434 1036 ut

335 1073 370 1134 in
393 1073 557 1156 responsis
581 1071 667 1134 datis
690 1071 892 1136 Jansenismi
927 1093 1053 1134 errores
1077 1082 1189 1156 aperte
1213 1072 1434 1157 profiterentur.

337 1169 410 1250 Quo
440 1171 526 1233 facto
557 1170 684 1233 amicus
716 1168 770 1232 ille
800 1169 907 1250 fietus,
939 1172 996 1254 qui
1028 1171 1108 1254 ipsis
1139 1168 1298 1252 illuserat,
1331 1170 1435 1256 publici

330 1268 417 1353 juris
440 1267 520 1331 fecit
543 1269 666 1352 scripta
690 1288 775 1352 quae
799 1290 818 1331 a
842 1268 1081 1353 professoribus
1104 1268 1312 1352 obtinuerat3
1337 1291 1435 1352 aroge

335 1387 413 1429 vero
437 1367 492 1429 isti
515 1367 550 1428 in
568 1364 734 1450 judicium
759 1368 879 1447 vocati,
904 1366 1104 1430 ecathedris
1129 1369 1196 1430 suis
1221 1366 1350 1452 depulsi
1372 1371 1435 1431 etin

335 1456 446 1526 varias
468 1464 619 1546 regiones
643 1461 778 1547 relegati
803 1465 920 1544 sunt.¹)
946 1464 1051 1527 —In
1076 1463 1158 1528 haec
1182 1475 1333 1551 tempora
1356 1469 1435 1530 etium

335 1562 453 1625 incidit
477 1562 645 1625 damnatio
669 1562 828 1645 quietisau'
851 1560 1024 1626 Michaelis
1048 1562 1089 1625 de
1112 1562 1255 1627 Molinos
1278 1586 1338 1649 per
1358 1564 1437 1627 Inno-

336 1661 481 1723 centium
505 1659 557 1722 XI
587 1662 630 1740 (a.
658 1658 757 1740 1687)
790 1669 822 1721 et
850 1661 1044 1744 opinionum
1068 1660 1241 1725 Fenelonii
1273 1683 1332 1746 per
1358 1664 1437 1725 Inno-

211 1764 298 1856 ‘sffffi
336 1759 481 1822 centium
497 1756 566 1820 XII
590 1760 629 1838 (6.
655 1755 764 1840 1699).
812 1756 987 1821 Praeterea
1010 1759 1212 1842 proscriptae
1235 1759 1370 1823 fuerunt
1389 1759 1436 1822 hac

216 1894 269 1923 mna
289 1894 309 1923 ο.
335 1866 443 1922 aetate
474 1855 596 1919 multae
628 1856 869 1940 propositiones
900 1876 985 1939 quae
1018 1855 1060 1918 ad
1093 1853 1249 1918 moralem
1279 1859 1434 1941 pertinent.

334 1954 553 2021 Occasionem
571 1953 734 2016 dederunt
750 1951 903 2037 querelae
916 1954 1093 2016 continuae
1111 1953 1151 2016 de
1163 1952 1279 2017 morali
1291 1953 1434 2024 relaxata

333 2063 370 2116 ut
393 2054 481 2116 enirn
506 2050 716 2114 ostenderent
731 2050 919 2130 Pontifices,
945 2071 979 2114 se
995 2050 1037 2114 ab
1062 2053 1151 2115 omui
1176 2051 1286 2115 studio
1311 2054 1433 2136 partiun

333 2172 404 2214 esse
427 2149 562 2231 alienoS,
587 2149 827 2234 propositiones
844 2149 963 2230 varias,
989 2170 1073 2233 quae
1097 2149 1140 2213 ad
1155 2151 1243 2234 ipsos
1265 2149 1434 2214 defereban-

331 2260 396 2331 tur,
421 2247 573 2311 damuari
593 2245 744 2309 fecerunt
767 2255 800 2308 et
823 2247 1111 2330 proscripserunt
1142 2246 1244 2310 Haud
1268 2256 1380 2312 tamen
1399 2269 1433 2310 ac·

331 2348 478 2411 curatius
502 2344 741 2430 inquirebatur,
767 2352 877 2407 utrum
895 2343 1056 2428 ejusmodi
1072 2346 1315 2428 propositiones
1337 2366 1432 2409 revera

331 2445 366 2507 in
390 2441 511 2506 scholis
534 2442 588 2505 vel
612 2441 654 2506 ab
679 2441 871 2506 auctoribus
895 2440 1036 2528 alicujus
1060 2445 1204 2507 nominis
1228 2445 1431 2508 traderentur:

332 2541 390 2605 sed
414 2542 523 2604 visum
548 2550 597 2604 est
621 2540 772 2604 sufficere
796 2541 977 2604 universim
996 2562 1050 2604 eas
1067 2540 1282 2625 proscribere,
1307 2550 1344 2605 ut
1359 2559 1430 2605 omne

331 2637 516 2725 periculum
539 2647 771 2703 removeretur.
818 2639 1047 2702 Damnaverat
1073 2639 1144 2724 jam
1169 2638 1363 2704 Alexander
1383 2636 1432 2700 VH

332 2736 387 2808 die
417 2736 477 2799 24⁰
508 2734 711 2820 Septembris
741 2759 771 2801 a.
805 2735 890 2801 1665
930 2745 962 2799 et
1000 2737 1053 2800 die
1078 2737 1137 2801 18⁰
1160 2737 1273 2801 Martii
1311 2761 1341 2804 6.
1368 2735 1430 2800 1666

331 2834 571 2919 propositiones
594 2833 638 2897 45
662 2833 795 2898 moralis
818 2833 964 2899 laxioris.
1012 2834 1105 2898 ldem
1129 2857 1208 2899 vero
1234 2835 1289 2900 die
1312 2836 1350 2900 5⁰
1372 2831 1429 2914 Maji

331 2954 361 2995 6.
381 2929 464 2994 1667
489 2930 658 2995 decretum
683 2931 788 2995 edidit
811 2953 910 3017 super
925 2933 1092 2996 attritione
1107 2954 1150 2996 ex
1164 2942 1256 2997 metu
1271 2933 1428 3017 gehennae.

333 3027 446 3108 Quum
471 3030 559 3092 enim
584 3031 619 3092 in
643 3028 764 3093 scholis
789 3029 960 3093 catholicis
983 3052 1023 3093 66
1047 3032 1245 3096 nominatim
1262 3033 1297 3095 in
1315 3031 1429 3096 Univer-

331 3129 428 3190 sitate
451 3127 622 3190 Duacensi
646 3125 877 3191 vehementius
902 3149 940 3191 ea
964 3129 1112 3213 quaestio
1127 3130 1320 3213 agitaretur,
1343 3138 1428 3192 uuum

331 3225 499 3289 sufficeret
522 3227 555 3288 in
581 3233 785 3289 sacramento
809 3227 1033 3310 poenitentiae
1056 3228 1178 3291 attritio
1204 3229 1277 3309 ista,
1309 3251 1349 3292 an
1370 3242 1428 3286 vero

332 3325 552 3409 requireretur
587 3324 721 3408 insuper
752 3323 864 3408 aliqua
887 3325 952 3387 Dei
988 3323 1136 3406 dilectis,
1169 3323 1361 3390 Alexander
1380 3320 1428 3384 Vll

332 3420 515 3502 mandavit,
544 3429 581 3484 ut
611 3430 761 3484 auctores
790 3420 844 3484 vel
867 3421 1076 3506 professores,
1110 3443 1197 3507 „non
1228 3424 1369 3488 audeant
1388 3417 1427 3482 ali·

332 3518 427 3604 cujus
455 3517 660 3603 theologicae
684 3541 852 3600 censurae,
886 3518 1063 3583 alteriusve
1094 3519 1236 3605 injuriae
1261 3530 1321 3584 aut
1341 3525 1426 3583 contu·

332 3616 449 3680 meliae
480 3627 559 3680 nota
581 3626 697 3680 taxare
720 3616 909 3680 alterutram
935 3619 1146 3700 sententiam,
1179 3618 1252 3681 sive
1277 3622 1425 3703 negantem

331 3715 560 3778 necessitatem
585 3713 737 3800 aliqualis
761 3714 946 3780 dilectionis
964 3715 1027 3779 Dei
1052 3717 1086 3778 in
1110 3715 1261 3800 praefata
1285 3714 1424 3780 attritione

331 3834 375 3875 ex
398 3820 488 3875 metu
511 3810 684 3895 gehennae
709 3821 888 3896 consepta,
914 3835 998 3898 quae
1022 3812 1121 3876 hodie
1135 3814 1222 3877 inter
1239 3810 1423 3878 scholasticos

332 3910 538 3973 communior
575 3908 724 3992 videtur,
769 3912 840 3974 sive
881 3920 1081 3974 asserentem
1119 3909 1228 3974 dictae
1267 3904 1423 3974 dilectionis

406 4163 428 4235 ¹)
448 4163 502 4218 Cfr.
522 4165 664 4232 Tournely,
683 4167 723 4220 De
743 4165 848 4230 Gratia,
867 4167 897 4220 T.
917 4167 939 4222 Ι.
959 4167 1068 4233 Quaest.
1087 4165 1138 4220 ΙΙΙ.
1158 4167 1269 4235 Epocha
1286 4167 1333 4223 ΙΙΙ.
