3034 4894
354 483 395 536 De
414 481 623 550 praeparatione
642 481 755 535 Consilii
774 481 937 538 Tridentini.
1179 483 1214 537 69

90 623 311 689 Nihilominus
335 625 531 689 Pontificem
563 626 598 688 in
623 625 774 689 Caesaris
803 626 1006 711 Imperiique
1035 626 1216 712 prudentia

92 745 124 784 sc
148 721 306 786 collocare
331 733 364 786 et
388 723 485 787 malle
509 723 689 787 consiliarii
714 723 819 787 solum
844 733 953 807 partes
966 745 1131 805 exercere,
1156 723 1215 787 ubi

83 820 233 904 judicem
257 843 355 905 agere
379 824 546 906 potuisset.
574 819 787 904 (Pallavicini
811 820 830 886 l.
857 844 885 885 c.
910 844 942 886 n.
967 821 998 886 ὃ.
1023 825 1106 908 sqq.)

178 920 228 984 12.
276 919 318 982 ln
342 920 495 984 omnibus
520 920 571 984 his
595 921 707 984 nescio
732 920 813 1005 quid
831 917 994 984 Clementi
1020 919 1214 1004 exprobrari

87 1019 203 1100 possit,
238 1040 340 1103 quum
365 1017 613 1083 observationes
638 1019 709 1103 ejus
733 1040 850 1082 revera
874 1017 1072 1081 solidissimo
1097 1017 1215 1080 funda·

88 1126 196 1178 mento
214 1118 373 1181 nitantur.
406 1115 518 1202 Atque
542 1115 878 1181 animadvertendum
894 1126 951 1181 est.
977 1116 1215 1200 Imperatorem

85 1234 161 1274 cum
202 1213 314 1277 multis
353 1213 427 1276 aliis
456 1223 655 1295 autumnae,
696 1236 756 1298 per
779 1214 967 1278 Concilium
991 1214 1215 1278 Protestantes

85 1310 256 1374 Ecclesiae
281 1313 489 1377 reconciliari
522 1333 627 1398 posse,
669 1322 700 1375 et
736 1313 771 1375 in
806 1334 882 1376 eum
907 1313 1053 1376 maxime
1077 1333 1214 1398 scopum

87 1407 232 1472 voluisse
258 1407 444 1473 Concilium
470 1412 674 1494 congregari,
709 1411 903 1474 Pontificem
929 1432 1006 1473 vero
1036 1432 1111 1473 cum
1138 1410 1213 1476 Car·

87 1497 256 1570 dinalibus
281 1510 499 1593 perspexisse,
533 1509 575 1573 ad
601 1509 663 1572 hoc
687 1508 803 1572 inutile
827 1509 976 1572 futurum
1001 1529 1072 1570 esse
1097 1508 1214 1573 Conci·

86 1599 179 1668 lium.
229 1606 412 1690 Imperator
435 1629 515 1670 sane
539 1616 571 1669 et
594 1607 681 1686 laici,
717 1608 779 1688 (uti
804 1615 952 1691 tempore
975 1603 1117 1671 Concilii
1142 1607 1214 1672 Flo·

87 1705 208 1766 rentini
234 1704 382 1768 loannes
415 1704 912 1789 Palaeologus,)dissensiones
943 1703 1146 1787 dogmaticas
1179 1717 1216 1770 ut

88 1803 225 1864 minoris
256 1805 414 1866 momenti
446 1802 625 1884 habebant,
660 1812 759 1888 atque
792 1801 854 1866 sibi
878 1800 1058 1886 fingebant,
1091 1804 1133 1867 ad
1159 1804 1215 1868 ali·

86 1899 219 1982 qualem
245 1901 456 1964 concordiam
481 1922 548 1964 non
573 1899 752 1964 difficulter
775 1902 942 1985 perveniri
966 1922 1072 1985 posse.
1118 1902 1215 1966 Prae-

87 1999 227 2081 cipuum
250 2006 362 2061 autem
386 2000 556 2082 negotium
581 2021 651 2062 esse
675 1998 838 2083 putabant
862 1999 1129 2063 reformationem
1153 2001 1215 2065 Ec·

84 2094 219 2178 olesiae,
244 2118 344 2181 quam
368 2107 587 2181 praepostere,
622 2099 666 2160 uti
692 2097 860 2182 quondam
886 2107 1069 2160 conventus
1093 2098 1213 2162 Basile-

86 2195 188 2276 ensis,
230 2196 375 2258 maxime
408 2197 442 2258 in
467 2217 505 2258 eo
539 2217 609 2259 esse
642 2193 871 2276 autumabant,
911 2203 947 2256 ut
981 2195 1215 2260 reformaretur

85 2293 182 2355 curia
206 2292 366 2356 Romana.
417 2293 528 2372 Quum
561 2315 639 2356 vero
673 2292 715 2356 ob
747 2293 911 2376 ejusmodi
936 2293 1108 2376 opiniones
1132 2295 1214 2378 peri·

87 2389 200 2452 culum
226 2390 395 2475 quoddam
420 2393 617 2474 immineret,
651 2414 692 2456 ne
722 2391 905 2476 legitimam
930 2390 1102 2455 Pontificis
1127 2402 1214 2476 pote-

88 2498 206 2550 statem
232 2487 342 2572 plures
367 2491 563 2574 restringere
588 2512 627 2554 ac
652 2491 886 2554 convenientia
903 2489 1053 2553 subsidia
1070 2491 1099 2553 ei
1117 2491 1213 2554 denc-

86 2607 165 2669 gare
190 2597 398 2669 conarentur,
434 2589 549 2652 merito
579 2609 700 2671 magna
725 2609 800 2652 cum
823 2587 1002 2672 prudentia
1034 2589 1096 2651 ista
1120 2590 1154 2651 in
1180 2610 1213 2651 re

87 2683 243 2747 Clemens
267 2684 478 2769 procedebat.
544 2705 547 2712 ’

179 2783 231 2846 13.
264 2782 376 2862 Quum
394 2782 531 2848 Carolus
546 2785 580 2845 V
605 2785 638 2847 in
664 2782 828 2848 desiderio
854 2783 1043 2847 celebrandi
1069 2783 1371 2871 Concilii1ssr⁰1³0¹3st¹¹r

86 2883 294 2944 oecumenici
318 2883 515 2966 persisteret,
547 2881 657 2966 plures
681 2867 852 2966 proposuit
875 2880 1029 2946 Pontifex
1054 2882 1212 2945 conditio·
1231 2853 1367 2894 i⁰¹¹⁰¹¹¹m

89 3001 154 3056 nes,
188 2988 225 3041 ut
256 2981 436 3043 auctoritas
461 2981 532 3065 ejus
557 2982 682 3044 intacta
707 2990 905 3060 servaretur,
938 2978 1058 3064 quibus
1082 2979 1124 3043 ab
1149 2980 1212 3044 Im·

88 3088 240 3161 peratore
263 3077 427 3159 admissis,
469 3075 631 3159 Clemens,
669 3078 805 3141 consilio
832 3076 1062 3141 Cardinalium
1086 3077 1211 3158 habita,

85 3177 196 3258 prima
211 3174 408 3240 Decembris
432 3199 460 3242 a.
492 3177 577 3242 1530
602 3176 749 3261 diploma
774 3176 814 3240 de
839 3176 988 3240 Concilio
1014 3175 1212 3241 celebrando

85 3273 180 3336 dedit
204 3271 247 3336 ad
272 3275 439 3359 principes
464 3274 669 3339 christianos.
702 3274 828 3338 Eodem
846 3273 968 3338 nullius
992 3273 1213 3357 postulatione

85 3382 355 3455 commemorata,
380 3395 444 3457 quo
470 3375 675 3437 auctoritatis
699 3395 777 3436 suae
802 3375 871 3435 vim
896 3394 1083 3456 supremam
1108 3382 1212 3437 osten·

85 3469 190 3548 deret,
215 3473 401 3550 annuntiat,
427 3493 462 3534 se
486 3492 648 3556 suumque
673 3480 823 3533 senatum
849 3472 1049 3549 existimare,
1084 3469 1213 3534 nullum

84 3576 204 3630 contra
234 3571 420 3652 praesentia
452 3578 484 3632 et
515 3569 724 3632 imminentia
748 3567 918 3631 Ecclesiae
949 3566 1036 3630 mala
1067 3567 1135 3630 fore
1166 3591 1213 3631 re·

85 3666 237 3729 medium
261 3668 332 3730 sive
355 3669 458 3730 tutius
482 3669 553 3731 sive
569 3668 754 3751 promptius
768 3687 816 3749 ee,
842 3665 929 3750 quod
949 3687 1006 3750 per·
1022 3665 1212 3750 hujusmodi

83 3766 279 3828 occasiones
309 3764 507 3829 adhibuerat
540 3764 702 3844 Ecclesia,
735 3762 891 3827 videlicet
924 3763 1103 3826 universali
1130 3763 1212 3828 Con-

84 3863 163 3926 cilio
188 3862 232 3925 ab
256 3863 336 3947 ipsis
349 3862 550 3926 Lutheranis
566 3861 739 3946 postulato,
765 3861 853 3924 unde
870 3871 1028 3946 perpetuo
1054 3861 1212 3925 duratura

85 3961 189 4046 hujus
219 3959 364 4025 haeresis
395 3963 520 4023 curatio
544 3958 833 4044 praescriberetur,
864 3968 896 4021 et
919 3961 998 4022 satis
1022 3959 1145 4022 virium
1169 3958 1212 4022 ad

87 4058 309 4123 resistendum
340 4058 523 4122 Turcarum
555 4057 728 4121 conatibus
757 4067 1012 4142 compararetur.
1066 4056 1212 4120 Proinde

89 4182 122 4222 se
146 4159 314 4243 principes
329 4154 476 4239 singulos
493 4155 667 4235 cohortari,
692 4167 730 4218 ut
745 4178 802 4240 pro
819 4177 853 4218 se
870 4157 1010 4240 quisque
1034 4164 1101 4218 tam
1118 4156 1211 4240 pium

89 4279 172 4341 opus
202 4264 420 4340 promoveret,
455 4275 633 4338 omnesque
658 4255 684 4317 si
709 4255 780 4317 fieri
804 4263 913 4338 posset
937 4273 996 4337 per
1019 4273 1053 4316 se
1077 4251 1211 4335 Synodo
