3020 4908
390 461 431 520 De
450 465 625 520 Pontificibus
644 465 745 520 saeculi
763 465 867 522 XVIII.
1135 465 1188 518 397

76 611 337 674 concessionibus
361 632 431 673 esse
447 610 623 690 utendum3
650 609 833 695 iisdemque
853 611 952 672 etiam
968 608 1187 672 heterodoxos
1216 612 1339 714 digssssffiv

74 717 104 770 et
118 706 285 772 Ecclesiae
309 708 516 771 adversarios
539 707 725 792 sperabant,
751 706 957 770 humanitate
981 705 1132 770 adhibita
1157 719 1189 769 et
1246 741 1315 786 gem,
1431 719 1433 722 ’

74 803 298 868 benevolentia
313 807 354 870 ad
370 805 505 869 meliora
515 828 610 889 posse
623 828 719 869 sensa
729 805 863 870 adduci.
892 804 959 867 Alii
973 804 1189 889 firmovigore

73 904 175 986 potius
194 903 271 988 jura
287 903 457 966 Ecclesiae
482 903 688 967 vindicanda
712 925 781 967 esse
805 913 838 966 et
861 903 1062 967 adversariis
1078 903 1189 967 Eccle-

73 1001 144 1078 siae,
169 1023 308 1085 quorum
333 1001 507 1086 perfidiam
539 1000 712 1064 indubiam
739 1001 933 1081 censebant,
959 1022 1088 1065 summa
1116 1023 1190 1064 con-

72 1100 187 1161 stantia
224 1098 444 1162 resistendum
491 1121 563 1162 esse
600 1101 841 1162 existimarunt.
898 1097 1068 1177 Quamdiu
1105 1100 1191 1162 inter

70 1193 185 1259 limites
209 1197 407 1281 prudentiae
432 1195 664 1260 continebatur
688 1197 888 1278 moderati0‚
921 1197 969 1258 uti
994 1197 1116 1259 factum
1142 1206 1190 1260 est

71 1293 102 1355 in
124 1294 306 1358 Benedicto
331 1294 431 1374 XIV,
466 1316 544 1357 saue
570 1294 717 1379 proficua
741 1317 780 1358 ea
804 1315 875 1357 esse
905 1303 1049 1378 poterat3
1086 1304 1190 1358 caete-

70 1412 137 1453 rum
159 1391 345 1476 periculum
371 1392 539 1477 quoddam
564 1401 653 1474 erat,
688 1394 865 1478 quominus
890 1391 1006 1455 eadem
1032 1394 1067 1456 in
1098 1393 1189 1456 obse·

70 1491 180 1572 quium
210 1491 353 1554 nimiam
384 1512 461 1573 erga
485 1492 653 1575 principes
684 1491 909 1573 degeneraret.
956 1490 1067 1554 Etiam
1099 1502 1189 1556 anta·

69 1589 234 1668 gonismus
259 1597 489 1673 praeposterus
514 1597 628 1651 contra
650 1587 848 1652 Societatem
864 1587 945 1652 Jesu
970 1587 1078 1673 plures
1094 1590 1190 1653 Prae-

70 1683 163 1767 lat0s‚
199 1689 289 1750 viros
314 1689 525 1772 caeteroquin
552 1687 685 1771 dignos,
720 1710 757 1751 eo
782 1696 929 1772 tempore
953 1688 1086 1751 invasit.
1134 1686 1189 1751 Sic

69 1805 108 1845 ex
153 1784 389 1849 Cardinalibus
434 1787 518 1848 varii
565 1785 721 1850 Societati
769 1787 910 1870 oppositi
953 1795 1063 1868 erant,
1110 1808 1189 1871 prae

70 1879 138 1944 aliis
181 1904 261 1946 vero
299 1881 485 1946 Cardinalis
521 1881 690 1946 Saldanha
732 1881 922 1968 patriarcha
958 1881 1188 1968 Ulyssiponae‚

66 1977 229 2044 ¹Henricus
268 1979 456 2044 Cardinalis
492 1981 533 2044 de
557 1981 667 2062 York,
705 1992 737 2044 et
772 1981 969 2044 Dominicus
1002 1979 1189 2045 Cardinalis

69 2075 242 2145 Passionei.
293 2079 359 2142 Hic
389 2080 440 2140 vir
479 2080 513 2142 in
554 2080 694 2162 negotiis
725 2077 868 2163 publicis
900 2078 1054 2160 gerendis
1090 2078 1188 2142 valde

70 2176 186 2256 peritus
219 2187 320 2262 atque
352 2177 539 2240 eruditione
572 2198 639 2239 non
670 2176 830 2239 mediocri
863 2176 1050 2260 praeditus,
1086 2176 1188 2240 Bene-

68 2271 150 2336 dicto
183 2275 268 2339 XIV
308 2277 455 2338 amicitia
490 2275 627 2360 junctus
665 2283 736 2338 erat
776 2283 808 2337 et
848 2273 890 2338 ab
931 2296 968 2337 eo
1010 2288 1046 2337 ut
1079 2273 1188 2338 Secre-

66 2373 163 2434 tarius
195 2382 301 2436 status
325 2374 465 2457 negotiis
489 2371 633 2458 publicis
664 2373 819 2457 gerendis
850 2375 1065 2457 praepositus.
1112 2373 1187 2457 Ipse

67 2465 264 2534 Benedictus
288 2470 388 2553 XIV,
420 2473 574 2556 quamvis
598 2469 755 2534 Societati
779 2471 861 2536 Jesu
885 2492 951 2534 non
976 2479 1060 2534 esset
1083 2471 1187 2534 infen-

68 2586 126 2647 sus,
151 2570 273 2632 minori
289 2579 400 2632 tamen
425 2570 538 2633 favore
556 2591 628 2632 eam
649 2569 920 2654 prosequebatur.
961 2566 1084 2633 Ultimo
1100 2560 1187 2633 anno

68 2664 151 2730 vitae
176 2689 256 2730 suae
282 2670 323 2749 (a.
342 2667 452 2749 1758),
477 2678 614 2751 urgente
638 2669 789 2730 ministro
805 2666 1011 2746 Lusitania-e,
1037 2669 1187 2730 commis·

69 2762 187 2827 sionem
215 2764 307 2828 dedit
324 2765 531 2849 patriarchae
549 2764 803 2850 Ulyssiponensi
820 2762 990 2828 Cardinali
1007 2763 1186 2848 Saldanha‚

68 2868 100 2921 ut
131 2863 357 2925 visitationem
387 2861 561 2927 Societatis
592 2864 626 2926 in
650 2863 825 2926 Lusitania
853 2863 1055 2944 institueret3
1090 2861 1187 2926 bene·

69 2956 242 3023 volentiam
266 2970 378 3023 tamen
403 2970 436 3023 et
458 2960 669 3045 prudentiam
695 2982 850 3044 magnam
875 2962 904 3022 ei
930 2961 1186 3028 commendavit.

67 3051 137 3132 Qua
161 3059 195 3121 in
220 3080 256 3121 re
271 3057 472 3122 Benedictus
497 3059 594 3121 cessit
617 3057 896 3142 postulationibus
920 3057 1186 3122 adversariorum

68 3149 252 3238 Societatis3
289 3159 482 3242 primusque
512 3155 576 3218 hac
608 3158 735 3220 ratione
769 3157 874 3220 factus
905 3165 953 3218 est
982 3177 1113 3240 gressus
1144 3157 1186 3221 ad

66 3248 231 3317 ulteriores
248 3253 451 3318 Jesuiterum
478 3256 681 3318 vexationes.
729 3253 795 3318 Sed
820 3254 1016 3338 praevidere
1040 3277 1106 3319 non
1131 3278 1186 3340 po·

66 3355 144 3412 terat
160 3351 316 3415 Pontifex
340 3373 379 3414 ea
404 3373 488 3437 quae
513 3361 587 3436 post
610 3361 723 3415 secuta
748 3361 833 3417 sunt.
879 3352 939 3414 Pia
963 3361 1066 3415 morte
1083 3352 1186 3417 Bene-

66 3443 170 3511 dictus
194 3450 282 3513 XIV
314 3448 397 3513 obiit
427 3449 482 3513 die
512 3450 550 3513 3⁰
574 3450 655 3513 Maii
689 3473 717 3514 a.
746 3449 849 3529 1758,
885 3470 987 3535 quum
1019 3452 1186 3534 octoginta

66 3545 159 3608 trium
185 3557 271 3611 esset
290 3569 463 3629 annorum,
489 3551 750 3633 memoriamque
768 3551 817 3610 sui
836 3547 970 3633 reliquit
984 3549 1018 3610 in
1036 3547 1186 3612 Ecclesia

66 3640 183 3707 claram
208 3667 248 3708 ac
271 3645 539 3726 venerandam.¹)
642 3649 645 3654 ’

151 3742 203 3808 26.
255 3739 395 3807 Clemens
417 3745 505 3807 XIII
534 3743 576 3830 (a.
604 3742 862 3828 ltus-1769).
888 3781 930 3789 -
953 3744 1035 3806 Post
1058 3743 1185 3808 obitum

68 3833 236 3904 Benedicti
254 3841 338 3904 XIV
364 3842 396 3907 S.
421 3841 523 3906 Sedes
548 3843 683 3905 vacavit
705 3863 810 3927 usque
834 3841 877 3904 ad
902 3840 989 3904 diem
1015 3842 1074 3905 dum
1091 3841 1184 3924 Iulii,

68 3953 128 4016 quo
153 3937 206 4002 die
231 3938 354 4002 electus
379 3948 428 4004 est
452 3938 605 4004 Clemens
628 3939 714 4003 XIII
739 3939 900 4021 Venetus,
926 3948 1023 4003 antea
1048 3938 1185 4004 Carolus

70 4077 275 4091 S—·—-—

138 4160 157 4230 ¹)
177 4161 232 4218 Cfr.
252 4159 406 4225 caraccioli,
428 4159 476 4214 Vie
495 4160 531 4213 du
549 4160 622 4228 Pape
640 4159 739 4212 Benoit
757 4159 831 4213 XIV.
852 4159 929 4214 Paris
950 4163 1027 4216 1783.
1047 4190 1081 4200 —
1099 4161 1184 4218 Hist-

69 4235 117 4302 pol.
134 4239 248 4308 Blttter‚
268 4240 298 4294 Τ.
317 4240 360 4295 31.
380 4257 406 4308 p.
426 4241 577 4296 153-177.
