3034 4894
283 513 315 572 14
405 511 545 567 XXXVII.
567 512 605 566 De
623 510 710 565 initiis
729 527 760 564 ac
778 512 811 565 de
830 521 942 579 propag.
967 495 1277 578 pseudoreiormationis.

281 657 446 734 versitate,
480 656 546 717 Deo
571 666 739 739 operante:
769 655 956 719 Aristoteles
986 653 1147 720 descendit
1172 654 1334 740 paulatim
1359 656 1410 718 in-

282 751 420 816 clinatas
443 753 487 816 od
509 753 637 816 raiaom
653 775 758 838 propo
773 753 924 838 futuram
948 754 1188 839 sempiternom
1211 756 1288 817 mire
1303 753 1410 839 footi-
1509 805 1510 827 ,

283 850 415 914 dicantar
438 848 586 914 lectiones
609 852 878 930 contentiorioo.¹)

375 948 424 1010 14.
472 947 526 1010 Ex
549 947 639 1011 hisce
662 970 748 1034 quae
772 951 987 1033 exposuimus
1010 949 1122 1013 inferri
1155 959 1270 1033 potest,
1305 961 1341 1013 ut
1373 951 1410 1012 in

282 1044 444 1108 baeresim
469 1055 617 1131 apertam
643 1067 720 1109 mox
744 1046 911 1110 Lutherus
936 1033 1130 1131 erumperet,
1162 1045 1196 1111 id
1220 1047 1324 1111 veluti
1348 1069 1413 1133 per

283 1166 317 1207 66
348 1166 390 1206 ex
420 1153 506 1206 statu
538 1145 641 1207 animi
673 1145 723 1208 sui
748 1167 787 1208 ac
812 1144 1036 1208 doctrinarum
1068 1143 1180 1208 indole
1203 1148 1411 1231 provenisse.

121 1252 176 1342 ,312²
201 1252 239 1343 rsse
250 1252 273 1342 ff
284 1242 422 1305 Factum
455 1262 532 1303 vero
565 1241 598 1304 id
628 1253 676 1306 est
706 1266 736 1308 a.
767 1242 851 1306 1517
884 1244 1045 1306 occasione
1076 1243 1330 1327 praedicationis
1362 1245 1413 1306 in-

221 1395 226 1407 .
284 1340 528 1423 dulgentiarum
556 1339 739 1405 Pontificio.
787 1339 847 1403 lllo
879 1351 1025 1424 tempore
1056 1340 1214 1404 videlicet
1244 1342 1334 1424 (inde
1366 1341 1411 1404 ab

283 1460 313 1502 a.
340 1437 439 1523 1514)
464 1438 531 1500 Leo
556 1438 589 1500 X
614 1459 718 1501 novas
742 1437 931 1520 divulgavit
953 1459 1012 1522 per
1035 1437 1148 1502 orbem
1173 1439 1411 1523 indulgentias,

284 1535 327 1600 ad
362 1545 560 1599 structuram
600 1534 714 1620 templi
750 1537 829 1599 novi
863 1533 895 1600 S.
928 1535 1026 1601 Petri.
1084 1534 1196 1615 Quum
1233 1541 1411 1624 antiquum

283 1631 443 1717 templum
484 1635 657 1716 temporis,
694 1645 730 1696 ut
761 1633 813 1715 fit,
854 1633 1070 1697 diuturnitate
1104 1633 1340 1700 labefactatum
1377 1639 1412 1699 in

284 1732 449 1818 plerisque
474 1730 623 1816 partibus
648 1733 715 1796 6616
740 1732 909 1796 dehiscere
934 1755 973 1795 ac
996 1734 1128 1799 ruinam
1154 1735 1299 1797 minitari
1317 1733 1412 1798 vide·
1512 1770 1513 1816 1

284 1841 382 1911 retur,
415 1830 526 1895 Julius
549 1831 584 1893 Π
617 1832 670 1893 vir
700 1832 933 1914 magnaminus
967 1829 1049 1893 illud
1074 1853 1140 1894 non
1164 1841 1232 1893 tam
1255 1853 1413 1916 reparare
1512 1819 1513 1846 l

285 1929 342 1993 sed
382 1929 416 1991 in
457 1929 637 1991 maximam
668 1930 778 2013 potius
809 1928 1074 2014 stupendamque
1112 1927 1232 1992 molem
1267 1951 1286 1992 a
1323 1952 1414 1993 novo

285 2029 411 2109 erigere
446 2028 564 2110 coepit.
621 2027 671 2090 Ea
707 2028 863 2090 nimirum
902 2025 1022 2110 agebat
1055 2026 1335 2106 consideratione,
1378 2041 1415 2090 61

286 2124 565 2210 quemadmodum
606 2123 745 2187 ecclesia
780 2123 932 2188 Romana
966 2133 1130 2208 potestate
1172 2133 1205 2186 61
1248 2124 1413 2210 dignitate

286 2223 415 2285 cunctis
453 2243 512 2306 per
550 2220 662 2284 orbem
702 2220 851 2284 ecclesiis
890 2231 1024 2306 propter
1062 2223 1285 2306 principatum
1323 2223 1413 2286 Petri
1513 2235 1514 2250 ¹

287 2321 510 2405 supereminet
545 2330 643 2404 atque
679 2319 876 2404 praefulget,
918 2321 963 2382 ita
999 2329 1031 2383 61
1064 2319 1224 2405 templum
1264 2343 1289 2385 6.
1324 2320 1413 2383 Petri

287 2418 518 2502 magnitudine
555 2425 739 2480 structurae
774 2426 806 2480 61
841 2419 948 2501 666116
987 2416 1235 2501 magnificentia
1274 2420 1415 2481 caeteris

287 2516 442 2580 omuibus
466 2514 683 2578 anteferretur
707 2517 876 2600 magisque
901 2515 1118 2598 conspicuum
1142 2515 1234 2580 foret.
1274 2514 1321 2577 At
1343 2515 1414 2578 Leo

287 2615 378 2699 Papa
403 2614 446 2694 X,
479 2615 531 2676 vir
553 2611 699 2676 liberalis
723 2622 822 2697 atque
846 2611 889 2675 ad
914 2613 1097 2695 erogandas
1130 2615 1182 2696 (ne
1208 2612 1318 2676 dicam
1343 2635 1415 2698 pro-

288 2711 489 2792 fundendae)
515 2731 616 2796 quam
640 2710 682 2773 ad
701 2710 921 2792 corrogandas
946 2733 984 2773 ac
1001 2710 1236 2795 quaeritandae
1252 2713 1415 2795 pecunias

289 2809 390 2874 multo
422 2811 566 2895 pronior,
606 2829 707 2892 quum
740 2818 825 2872 66661
861 2817 974 2871 tantae
1007 2818 1189 2872 structurae
1225 2809 1416 2893 sumptibus

288 2911 405 2994 impar,
430 2908 554 2971 616616
578 2907 697 2992 opibus
720 2916 887 2970 tantarum
911 2909 1136 2991 impensarum
1162 2928 1244 2992 opus
1268 2907 1311 2970 ad
1329 2929 1416 2971 com·

289 3005 492 3091 plementum
517 3006 699 3090 perducere
723 3025 788 3068 non
805 3016 923 3090 posset,
949 3016 986 3068 ut
1001 3007 1056 3090 pio
1070 3005 1217 3068 subsidio
1236 3004 1416 3068 multorum

289 3103 467 3189 adjutrices
492 3125 610 3167 manus
633 3105 827 3188 acquireret,
853 3103 1041 3187 divulgavit
1064 3103 1298 3186 indulgentiae,
1332 3105 1420 3166 61661

289 3217 322 3265 61
345 3215 422 3265 6616
440 3202 512 3286 jam
538 3203 670 3286 saepius
693 3201 818 3265 factum
842 3202 959 3266 fuerat.
1006 3202 1081 3264 Non
1110 3212 1241 3264 661661
1265 3200 1320 3264 hic
1346 3223 1418 3286 pro·

289 3300 417 3380 bemus,
450 3300 596 3364 medium
628 3298 717 3363 istud
748 3299 791 3362 ad
823 3299 1027 3384 colligendas
1058 3299 1285 3382 eleemosynas
1317 3299 1418 3384 plane

289 3397 418 3462 licitum
445 3398 558 3463 fuisse.
1195 3401 1196 3405 ’

385 3496 434 3560 15.
481 3495 621 3579 Negotio
654 3495 935 3578 indulgentiarum
968 3516 1026 3579 per
1056 3493 1270 3559 Germaniam
1310 3495 1418 3579 publi-

291 3593 473 3657 candarum
505 3595 664 3679 praefecit
697 3595 765 3657 Leo
791 3594 824 3658 X
858 3592 1033 3656 Albertum
1058 3591 1417 3677 Braudenburgensem

291 3690 577 3776 archiepiscopum
634 3693 886 3775 Mogontinum,
948 3693 1002 3754 cui
1060 3690 1157 3754 simul
1219 3693 1417 3775 permissum

291 3799 357 3869 est,
405 3799 441 3852 ut
486 3792 642 3854 retineret
688 3812 745 3875 pro
793 3788 1048 3853 necessitatibus
1088 3788 1248 3852 dioecesis
1287 3800 1415 3872 partem

292 3889 464 3972 pecuniae.
490 3888 585 3951 Ratio
610 3897 689 3969 erat,
714 3889 792 3973 quia
812 3888 904 3951 brevi
923 3884 1238 3971 1616661651666111
1256 3884 1416 3949 debuerat

293 4008 351 4070 pro
375 3988 472 4049 novis
497 3986 755 4071 archiepiscopis
779 3996 857 4050 taxe
874 3985 984 4049 30000
1009 3984 1205 4047 florenorum
1230 4003 1415 4062 aureorum,

293 4084 382 4168 quod
414 4106 496 4147 onus
527 4087 585 4147 toti
619 4084 760 4148 dioecesi
786 4083 1010 4147 incumbebat.
1060 4081 1171 4161 Quum
1209 4081 1311 4164 igitur
1342 4079 1417 4145 talia

368 4297 387 4366 ¹)
407 4297 476 4351 Ibid.
495 4313 521 4363 p.
541 4298 583 4350 41.
