2964 4912
408 457 532 512 Eventus
550 457 735 512 Declarationi
752 457 865 525 praevii.
1144 458 1195 512 341

69 604 211 666 miensis
227 602 407 666 exercitam
422 603 569 686 graviter
591 600 705 664 tulisse
721 600 923 675 Catholicos;
949 601 984 665 id
998 623 1076 665 vero
1093 600 1195 665 multo

70 702 199 786 magis,
235 699 324 784 quod
357 689 485 762 inventi
519 708 627 762 essent
651 700 797 784 episcopi
830 700 886 784 qui
919 698 979 762 has
1002 700 1196 763 vexationes

70 800 313 883 permitterent.
363 795 455 876 Quin
479 799 544 860 imo
573 796 732 882 populus,
766 806 803 861 ut
826 795 908 860 solet
931 797 971 861 de
1004 796 1197 861 fortitudine

67 920 111 960 ac
145 895 301 959 libertate
334 917 419 981 quae
452 894 639 979 episcopale
671 894 842 978 fastigium
875 895 994 959 decent
1025 896 1197 958 verissime

61 994 243 1079 judicare,
267 992 487 1078 quorumdam
509 991 698 1078 praesulum
723 991 841 1056 servile
865 992 1025 1056 adversus
1047 1001 1197 1076 potentes

68 1092 273 1176 obsequium
306 1099 339 1154 et
370 1090 538 1154 assiduam
563 1090 658 1154 aulae
691 1091 964 1156 consuetudinem
997 1112 1062 1154 non
1091 1111 1196 1175 aequo

68 1192 186 1254 animo
211 1189 325 1252 videre
358 1198 494 1273 poterat.
541 1188 634 1252 Idem
666 1197 778 1253 tamen
812 1189 852 1253 de
884 1187 1027 1272 regaliae
1059 1187 1116 1251 lite
1149 1189 1196 1252 sic

69 1287 176 1371 vulgo
201 1285 380 1368 sentiebat,
419 1297 546 1351 utnon
570 1296 637 1350 tam
663 1289 767 1373 ipsius
799 1309 858 1372 per
886 1308 920 1350 se
945 1309 1063 1352 causae
1086 1287 1196 1371 aequi·

68 1394 176 1449 tatem
197 1393 368 1470 spectaret,
394 1407 495 1470 quam
511 1384 565 1449 vel
581 1386 742 1470 principis
760 1395 795 1448 ut
811 1385 958 1449 diximus
979 1385 1195 1469 majestatem,

69 1483 126 1547 vel
162 1504 275 1546 eorum
308 1484 365 1568 qui
405 1485 469 1568 ipsi
501 1485 692 1547 resisterent
725 1482 868 1546 indolem
902 1491 1000 1566 atque
1032 1489 1195 1544 naturam.

1224 794 1352 844 Dlsposltio

1214 857 1350 898 animorum.

66 1582 285 1646 Alectensem
317 1602 412 1666 porro
446 1590 479 1643 et
509 1580 745 1666 Apamienssm
783 1581 840 1666 qui
874 1580 933 1645 soli
966 1602 1009 1644 ex
1041 1581 1195 1642 omnibus
1247 1621 1249 1626 ,

66 1681 240 1765 episcopis
262 1677 421 1762 regaliam
453 1676 699 1762 detractabant,
732 1677 857 1742 sciebat
881 1677 1044 1742 haeresim
1068 1676 1195 1762 perdite

67 1777 278 1857 defendisse,
313 1797 499 1861 gravesque
531 1776 644 1840 turbas
677 1776 837 1840 adversus
870 1796 981 1858 regem
1013 1773 1195 1838 catholicae

68 1876 152 1940 fidei
177 1874 454 1939 studiosissimum
471 1875 602 1959 saepius
622 1875 850 1938 commovisse.
897 1873 1072 1937 Praeterea
1087 1872 1194 1936 Ludo-

69 1975 140 2037 vici
165 1971 250 2036 XIV
274 1993 312 2034 ea
336 1979 406 2034 erat
428 1973 576 2035 omnium
594 1973 750 2057 opinione
770 1972 918 2057 potentia
941 1981 974 2034 et
990 1968 1194 2055 magnitudo,

69 2083 110 2134 ut
141 2092 184 2134 ex
205 2068 377 2133 Pontificis
411 2091 486 2132 cum
509 2091 547 2134 eo
572 2069 707 2158 dissidio
740 2071 884 2154 pessima
915 2090 1065 2154 quaeque
1093 2077 1195 2132 metu·

66 2169 177 2248 enda,
212 2177 248 2230 ut
280 2189 323 2230 ex
346 2166 524 2230 eoncordia
555 2166 639 2231 nihil
669 2189 736 2231 non
759 2168 839 2231 boni
868 2166 1068 2251 sperandum
1101 2165 1193 2248 foret,

68 2265 213 2352 proinde
243 2265 479 2328 remittendum
503 2263 630 2350 aliquid
655 2267 786 2349 egregie
817 2267 932 2329 merito
956 2265 1100 2349 principi
1132 2285 1215 2346 nec,

66 2386 202 2430 summo
233 2362 306 2450 jure
340 2385 416 2426 cum
447 2365 518 2448 ipso
551 2362 718 2446 agendum
743 2363 921 2428 videretur.
967 2364 1078 2427 Etiam
1113 2362 1193 2427 illud

66 2461 153 2526 addi
187 2469 309 2546 potest:
345 2469 438 2524 tanta
470 2462 505 2524 in
540 2459 713 2524 beneficiis
746 2460 955 2524 conferendis
983 2459 1194 2526 incommoda

66 2583 114 2624 ex
138 2560 228 2642 regio
253 2558 449 2622 nominandi
469 2558 545 2643 jure
570 2557 789 2645 complurium
815 2559 885 2644 jam
910 2559 1115 2623 saeculorum
1133 2582 1193 2624 usu

68 2681 130 2743 per
148 2654 292 2720 Galliam
316 2655 507 2737 invaluisse,
532 2666 569 2720 ut
591 2655 716 2741 regalia
739 2656 880 2720 duarum
904 2679 1083 2742 parvarum
1108 2657 1195 2721 dioe-

66 2756 197 2819 cesium
222 2755 312 2840 (nam
345 2753 410 2818 duo
435 2763 564 2828 tantum
587 2755 735 2839 episcopi
758 2754 801 2818 ad
825 2754 1021 2819 Pontificem
1052 2755 1194 2840 appella-

68 2853 213 2935 verant),
238 2853 377 2915 minima
392 2851 498 2914 videri
523 2862 634 2937 posset
656 2853 812 2934 accessio,
837 2851 1053 2939 hominesque
1073 2853 1194 2918 talibus

58 2953 138 3064 jam
164 2958 309 3013 assuetos
334 2948 424 3012 haud
449 2970 527 3012 sane
549 2947 688 3012 multum
713 2958 918 3014 commotura
941 2961 1025 3015 essct
1045 2960 1194 3036 patratae

65 3049 214 3134 injuriae
254 3069 365 3132 magni
358 3047 465 3130 tud03
501 3048 641 3133 proinde
679 3071 747 3112 non
784 3049 862 3113 satis
899 3049 1036 3113 fortasse
1074 3073 1192 3114 causae

65 3149 184 3224 fuisse,
209 3167 267 3208 cur
283 3145 369 3209 Pont
356 3145 448 3226 tifex,
474 3147 611 3210 caeteris
635 3148 885 3232 praetermissis,
909 3146 974 3211 hoc
997 3170 1101 3211 unum
1124 3157 1192 3212 tam

64 3244 192 3308 acriter
223 3252 363 3326 urgeret.
417 3242 512 3306 Haec
551 3253 620 3307 tum
654 3242 786 3330 aliaque
821 3247 854 3308 in
890 3267 961 3309 eam
995 3249 1191 3310 sententiam

66 3341 172 3424 vulgo
203 3339 416 3422 dicebantur3
453 3363 538 3426 quae
562 3342 697 3426 quidem
728 3344 755 3406 si
780 3343 823 3407 ad
846 3345 927 3406 recti
957 3354 990 3407 et
1014 3345 1097 3429 justi
1121 3367 1192 3408 nor-

67 3459 159 3502 mam
186 3440 372 3522 exigantur,
396 3438 592 3503 verisimilia
607 3441 713 3524 magis
734 3441 824 3504 fuere
848 3463 948 3527 quam
963 3463 1052 3508 vera.
1091 3443 1192 3506 Dece-

69 3537 128 3600 bat
160 3537 249 3599 enim
273 3533 306 3620 S
329 3535 526 3599 Pontificem
551 3539 710 3622 optimam
740 3537 953 3602 ecclesiarum
985 3561 1119 3604 causam
1149 3540 1192 3604 ad

66 3657 103 3698 se
130 3632 273 3697 delatam
298 3655 336 3697 ac
361 3634 395 3697 vi
420 3655 621 3719 oppressam,
647 3657 713 3699 non
738 3636 896 3718 deserere,
922 3637 1190 3702 ecclesiasticam·

67 3754 136 3818 que
169 3729 353 3794 libertatem
387 3733 583 3815 gravissime
617 3733 774 3797 violatam
806 3736 902 3798 tueri.
926 3783 934 3800 .
957 3784 990 3802 ..
1029 3736 1095 3802 Sed
1128 3735 1193 3800 illis

65 3828 276 3914 temporibus
300 3851 403 3914 quum
427 3828 621 3894 Ludovicus
636 3831 723 3894 XIV
747 3840 839 3894 tanta
863 3831 986 3918 ubique
1009 3833 1115 3917 gloria
1139 3858 1191 3898 ex·

67 3925 330 4011 splendesceret,
370 3949 546 4012 rerumque
587 3939 754 4013 gestarum
789 3928 1008 3996 admiratione
1043 3936 1191 3998 omnium

67 4023 174 4088 veluti
199 4033 312 4109 captos
334 4033 461 4088 teneret
483 4027 628 4106 animos,
653 4026 723 4090 fieri
747 4049 814 4090 non
838 4030 945 4112 potuit
953 4079 962 4112 ,
992 4031 1071 4116 quin
1096 4033 1192 4096 ratio·

68 4144 139 4200 nes,
164 4142 247 4206 quas
270 4120 368 4213 paulo
392 4132 469 4186 1111
493 4123 589 4187 retuli
611 4147 711 4210 supra
735 4147 834 4210 quam
858 4148 948 4190 nunc
964 4128 1054 4192 credi
1079 4131 1191 4213 possit,

68 4217 123 4281 vel
148 4218 238 4303 apud
261 4219 439 4302 prudentes
461 4220 619 4286 valerent.
658 4223 687 4286 E
712 4224 875 4287 contrario
901 4234 937 4288 ut
956 4224 1192 4292 difficillimum
