3034 4894
10 1493 14 1533 ᾖ
124 1386 496 1506 Dissertatio
541 1386 875 1532 trigesima
913 1388 1198 1534 septima.

185 1656 247 1734 De
276 1652 406 1734 initio
436 1674 488 1734 ac
518 1653 572 1733 de
602 1655 925 1754 propagatione
954 1657 1144 1755 pseudo-

489 1770 836 1851 reformationis,

191 2120 217 2180 l.
266 2099 312 2178 lie
343 2115 531 2178 tristissima
556 2113 611 2178 illa
636 2114 831 2194 defectione,
867 2138 951 2200 quae
983 2105 1384 2207 reformationisffissgggg‘gj

95 2217 232 2278 nomine
257 2236 316 2298 per
339 2212 480 2276 abusum
505 2214 597 2276 vocis
621 2212 782 2297 appellari
815 2212 905 2293 solet,
934 2215 1005 2297 jam
1036 2216 1224 2277 accuratius

95 2312 193 2377 nobis
217 2311 385 2395 agendum
410 2320 467 2390 est,
499 2320 535 2372 ut
559 2312 629 2396 ejus
655 2309 799 2374 indolem
825 2312 1023 2394 aperiamus,
1048 2319 1079 2374 et
1103 2334 1223 2396 expen-

96 2411 214 2475 damus
239 2410 481 2490 accusationeS,
516 2430 601 2492 quae
626 2419 740 2472 contra
764 2407 950 2472 Ecclesiam
973 2431 993 2471 a
1017 2408 1128 2472 multis
1151 2433 1223 2495 pro-

95 2509 180 2572 latae
203 2507 341 2570 fuerunt
368 2505 577 2571 adversariis.
627 2505 737 2591 Atque
761 2508 904 2592 primum
930 2505 971 2568 de
994 2507 1098 2569 initiis
1120 2508 1221 2593 refor-

1 2639 2 2682 5
96 2606 255 2683 marionis,
282 2603 357 2666 dein
384 2603 424 2666 de
448 2604 519 2687 ejus
540 2607 774 2690 propopata'ona
799 2604 1007 2668 disseremus.
1040 2603 1104 2667 Pro
1122 2627 1220 2690 scopo

95 2715 204 2767 tamen
229 2711 342 2766 nostro
375 2702 421 2764 ita
444 2722 590 2783 agemus,
623 2712 748 2766 utnon
773 2702 920 2786 singulas
953 2725 1100 2788 quasque
1125 2724 1221 2788 quae-

97 2804 217 2864 stiones
251 2801 286 2862 in
319 2797 372 2861 his
405 2811 614 2862 occurrentes
646 2799 878 2880 discutiamne,
922 2800 981 2864 sed
1009 2802 1118 2885 potius
1149 2824 1219 2865 suo-

101 2901 202 2963 oinota
219 2897 365 2983 quadam
380 2895 628 2981 disceptatione,
654 2897 768 2982 quales
791 2898 915 2961 fuerint
937 2897 1218 2982 pseudoreforma·

102 2997 189 3061 tionis
230 2993 360 3058 indoles
398 3005 430 3057 et
467 3017 587 3058 causae
625 2997 873 3080 propagationis
916 2996 1021 3080 ipsius
1065 2995 1218 3060 evolvere

98 3095 248 3159 nitamur.
290 3130 331 3138 -
378 3090 493 3171 Qualis
535 3094 635 3156 fuerit
677 3094 860 3156 universim
903 3094 1039 3156 ineunte
1086 3094 1217 3158 saeculo

1 3227 2 3256 ;
93 3191 221 3256 decimo
247 3199 339 3253 sexto
365 3200 469 3253 status
493 3192 658 3254 societatis
684 3190 894 3270 christianae,
920 3212 961 3253 ex
987 3190 1216 3255 dissertatione

1 3353 2 3356 ,
91 3289 304 3373 praecedenti
337 3298 496 3372 quantum
529 3288 652 3352 suflicit
683 3288 792 3372 colligi
826 3297 942 3373 potest.
990 3287 1146 3351 Attamen
1169 3304 1217 3358 ut

89 3409 235 3473 aequum
260 3386 301 3450 de
325 3386 473 3470 personis
497 3396 529 3448 et
552 3385 651 3448 rebus
675 3385 800 3449 feratur
819 3384 1003 3469 judicium,
1036 3396 1138 3470 utque
1168 3389 1215 3450 in·

88 3484 193 3568 telligi
217 3484 331 3568 possit,
361 3483 525 3568 quomodo
549 3482 684 3547 flamma
707 3482 773 3565 illa,
799 3506 898 3569 quam
924 3483 1028 3547 halitu
1053 3486 1216 3548 excitavit

1 3579 2 3624 ἓ
87 3581 256 3645 Lutherus
280 3581 512 3665 pestifero,.ad
527 3593 655 3645 tantum
679 3582 875 3645 brevissimo
899 3591 1046 3664 tempore
1070 3585 1215 3666 potuerit

1 3755 2 3766 ἵ
87 3679 283 3743 incendium
317 3700 475 3760 crescere,
511 3679 801 3743 commemoranda
839 3677 997 3742 nonnulla
1038 3691 1214 3764 supersunt

1 3781 2 3800 ¹
88 3775 130 3840 de
154 3778 237 3840 viris
261 3776 470 3862 quibusdam,
503 3787 534 3840 et
563 3776 604 3840 de
628 3777 803 3841 eventibus
827 3777 953 3861 aliquot
977 3777 1062 3839 initii
1087 3777 1211 3841 saeculi

1 3873 2 3956 l
87 3873 187 3941 illius.

178 3975 208 4039 2.
255 3972 378 4056 Ingens
403 3982 451 4035 est
475 3973 649 4037 multitudo
674 3995 810 4058 operum
835 3995 919 4058 quae
943 3972 1211 4038 reformationem

88 4092 174 4155 quae
198 4071 329 4150 dicitur,
361 4072 456 4134 initia
480 4070 743 4135 Protestantismi
769 4071 905 4156 ejusque
937 4073 1209 4156 propagationem

1 4221 2 4226 ,
88 4178 255 4251 spectant3
294 4170 397 4232 citare
432 4171 544 4232 omnia
578 4169 661 4232 haec
696 4190 796 4253 opera
819 4168 954 4254 longum
991 4179 1085 4233 esset.
1133 4168 1210 4232 Huc

88 4267 255 4348 pertinent
278 4267 423 4351 ipsorum
454 4266 832 4351 pseudoreformatorum
856 4266 1009 4350 Lutheri,
1041 4265 1209 4330 Melanch·

144 4382 483 4433 Jungmann,D1ssertatlones.
499 4383 565 4423 Tom.
582 4383 632 4423 VII.
1067 4374 1078 4425 l
