2964 4912
443 457 650 512 Dissertationis
668 457 780 514 indoles.
1120 461 1171 514 379

53 601 286 665 vexationibus
311 599 441 666 illorum
462 601 633 686 juratum
659 601 844 686 spiritualia
868 611 938 664 tum
961 600 1074 666 civilia
1099 602 1171 667 sub·
1189 605 1335 707 D¹s⁸⁰¹²q⁸¹⁰·

51 721 146 761 ruere
172 699 379 762 studuerunt.
419 700 471 763 De
496 698 658 784 ejusmodi
681 698 771 762 lucta
789 721 935 783 agemus,
961 699 1039 763 dum
1056 703 1172 766 seriem
1205 681 1241 708 Μ
1255 679 1281 708 rs
1301 678 1322 706 θ’

51 797 276 860 Romanorum
293 789 494 861 Pontificum
519 795 641 860 saeculi
665 795 785 860 decimi
803 799 913 860 octavi
938 796 1173 863 describemus.

50 880 226 958 Acerrime
258 894 336 960 dein
361 896 543 958 certamina
566 893 737 958 Ecclesiae
770 894 882 958 intulit
905 893 1010 959 ecbola
1032 896 1173 960 incredu-

50 993 163 1071 lorum,
188 994 245 1078 qui
265 994 412 1078 specioso
437 990 708 1077 philosophorum
725 993 859 1056 nomine
882 993 1075 1078 religionem
1091 993 1174 1057 chri·

49 1092 194 1153 stianam
220 1090 468 1176 oppugnabant,
497 1111 694 1175 omnemque
717 1088 955 1154 revelationem
979 1090 1174 1175 abjicientes

45 1187 231 1274 quamdam
255 1186 450 1273 religionem
474 1185 669 1268 naturalem,
693 1199 730 1252 ut
746 1188 922 1270 vocabant,
948 1188 1173 1253 adstruebant.

47 1286 274 1350 Accesserant
296 1287 462 1350 societates
478 1285 617 1349 occultae
632 1287 962 1366 Francomarotorum,
987 1309 1072 1372 quae
1088 1286 1174 1350 mala

47 1379 235 1466 multigena
259 1391 292 1446 et
316 1382 486 1447 Ecclesiae
510 1393 542 1447 et
565 1384 714 1448 societati
738 1393 925 1466 causarunt,
950 1387 1040 1448 etin
1064 1406 1172 1448 rerum

47 1481 236 1544 civicarum
283 1490 315 1544 et
353 1481 652 1545 ecclesiasticarum
691 1481 1005 1565 conflagrationibus
1046 1492 1171 1568 partem

48 1600 120 1642 non
145 1579 300 1661 exiguam
325 1579 522 1645 habuerunt.
1163 1652 1166 1658 ,

141 1679 233 1739 Dum
265 1699 342 1740 vero
375 1679 407 1740 in
441 1676 567 1757 Gallia,
599 1677 765 1762 Hispania
796 1687 828 1740 et
858 1678 1032 1744 Lusitania
1060 1680 1172 1744 Joasc-
1224 1752 1227 1757 .

44 1777 155 1838 cistae
179 1783 210 1838 et
234 1775 418 1860 Repolistoe
443 1777 630 1839 auctoritati
655 1775 750 1841 Sedis
770 1775 980 1862 Apostolicae
1004 1775 1174 1841 obstacula

45 1883 80 1935 et
115 1870 329 1936 difficultates
354 1875 527 1937 continuas
558 1871 767 1953 excitabant,
799 1875 833 1937 in
858 1872 1038 1938 Germania
1062 1875 1173 1938 Febre-

44 1970 205 2034 aiaoa'sma'
228 1981 372 2054 systema
392 1973 469 2056 jura
492 1971 634 2034 Romani
656 1971 826 2035 Pontificis
850 1972 1031 2056 impetebat
1059 1973 1172 2036 multo-

42 2089 192 2152 rumque
223 2071 352 2133 animos
382 2071 446 2154 ipsi
479 2068 656 2133 alienabat.
703 2069 833 2132 Ibidem
860 2071 1004 2154 episcopi
1036 2069 1171 2155 quidam

44 2167 153 2229 etiam
188 2164 414 2232 adhibuerunt
449 2169 625 2231 conamina
659 2165 823 2250 lugenda,
864 2177 899 2230 ut
934 2167 1055 2233 Sacrae
1079 2167 1174 2233 Sedis

43 2253 282 2327 auctoritatem
315 2266 560 2330 imminuerent.
607 2264 646 2328 ln
678 2264 813 2328 Austria
842 2287 920 2328 vero
949 2265 1115 2351 Josephus
1139 2267 1172 2329 II

43 2362 285 2426 innovationes
309 2361 429 2426 multas
461 2371 492 2426 et
515 2362 707 2426 arbitrarias
731 2364 765 2425 in
789 2362 975 2427 Ecclesiam
1004 2363 1172 2442 inducere,
1251 2359 1253 2363 ’

41 2457 278 2544 gubernioque
303 2459 393 2523 civili
419 2482 470 2523 res
485 2459 725 2524 ecclesiasticas
745 2462 878 2546 penitus
894 2460 1057 2546 subjicere
1081 2462 1174 2525 nisus

42 2567 108 2623 est.
157 2555 255 2620 Hanc
279 2557 501 2640 tendentiam,
535 2581 619 2644 quae
643 2559 872 2644 Josepbiaisme'
894 2581 977 2622 voce
1007 2558 1171 2644 designari

41 2655 148 2736 solet,
185 2656 283 2718 etiam
322 2655 379 2719 alii
410 2659 577 2743 principes
614 2656 760 2741 amplexi
792 2665 878 2721 sunt.
933 2656 1058 2722 Omnes
1089 2658 1171 2722 istae

41 2755 319 2837 impugnationes
356 2753 515 2818 Romanis
552 2755 771 2818 Pontificibus
816 2777 962 2819 summas
1006 2755 1171 2820 molestias

41 2848 329 2937 difficultatesque
353 2854 503 2935 ingentes
529 2863 698 2934 crearunt,
733 2855 779 2916 ita
803 2862 839 2916 ut
862 2853 1028 2917 interdum
1053 2854 1169 2916 iisdem

40 2947 341 3014 vehementissime
378 2962 615 3037 premerentur.
669 2951 708 3016 Id
744 2954 889 3016 maxime
919 2955 1027 3016 visum
1059 2962 1107 3016 est
1137 2954 1171 3016 in

39 3049 274 3132 suppressione
297 3047 465 3113 Societota's
488 3051 578 3129 Jesa,
602 3049 644 3113 ad
669 3072 768 3136 quam
794 3048 946 3114 Clemens
961 3051 1048 3113 XIV
1071 3072 1172 3134 angu-

40 3146 121 3210 stiis
154 3144 303 3232 undique
340 3149 484 3229 cinctus,
522 3148 765 3234 postulantibus
802 3148 972 3232 guberniis
1010 3149 1170 3233 pluribus,

41 3241 216 3308 adductus
240 3253 298 3308 est.

140 3339 202 3402 His
236 3341 277 3404 de
311 3341 486 3405 eventibus
519 3345 620 3428 igitur
653 3365 694 3407 ex
727 3343 842 3408 ordine
882 3364 1027 3426 agemus.
1077 3345 1170 3408 Atta-

42 3459 127 3502 men
153 3438 250 3501 modo
282 3441 486 3525 propositum
512 3440 607 3505 nobis
636 3463 702 3506 non
727 3453 792 3523 est,
817 3453 853 3506 ut
876 3451 1031 3506 accurata
1061 3463 1100 3504 ac
1124 3442 1171 3504 fu·

40 3537 136 3598 siore
161 3535 391 3620 disquisitione
415 3537 561 3622 singulas
585 3550 794 3604 occurrentes
819 3543 1026 3626 quaestiones
1050 3541 1170 3602 exami-

41 3653 178 3698 nemus.
226 3634 292 3699 Scd
315 3637 426 3699 varias
458 3635 499 3700 ob
522 3639 667 3701 rationes
698 3639 743 3700 ita
774 3660 826 3702 res
858 3637 1098 3723 disposuimus,
1136 3648 1172 3700 ut

41 3732 190 3813 imagini
229 3732 374 3818 quadam
412 3732 611 3798 conditionis
643 3734 813 3800 Ecclesiae
852 3745 1003 3800 currente
1041 3734 1169 3798 saeculo

42 3830 181 3892 decimo
214 3841 332 3894 octavo
362 3831 536 3914 delineata,
562 3833 634 3917 jam
663 3855 721 3919 pro
753 3843 900 3919 tempore
929 3832 1020 3920 hisce
1044 3832 1171 3896 Disser-

41 3926 234 3990 tationibus
257 3931 435 3992 terminum
460 3951 632 4014 ponamus.

140 4025 172 4090 3.
221 4024 333 4104 Quum
357 4026 469 4090 multis
502 4026 542 4090 de
575 4028 715 4112 negotiis
739 4029 773 4091 in
799 4027 888 4091 bisce
913 4038 1039 4113 agatur,
1072 4030 1170 4114 scrip·

40 4134 137 4186 tores
171 4125 280 4186 varios
313 4145 371 4187 suo
402 4123 473 4188 loco
506 4124 692 4190 citabimus.
731 4110 916 4206 ¹Caeterum
946 4125 1072 4190 consuli
1100 4147 1172 4211 pos-

41 4228 140 4284 sunt:
177 4220 338 4302 LafiteaU,
369 4221 424 4285 Ve‘e
455 4221 494 4284 de
521 4220 660 4286 Clamant
683 4222 739 4299 XI,
764 4225 784 4285 2
814 4221 875 4288 ool.
900 4222 1035 4287 Padoue
1067 4223 1170 4308 17523
