3034 4894
334 475 381 556 De
393 474 602 542 praeparatione
622 474 734 529 Concilii
753 475 915 529 Tridentini.
1157 477 1190 530 77

77 617 300 700 ecclesiarum
340 617 415 682 ideo
452 619 598 682 maxime
633 620 668 682 in
702 640 740 681 ea
776 620 887 703 vigere
923 618 1022 683 debet
1057 620 1193 683 divinus

77 715 176 780 cultus
193 726 225 780 et
242 739 373 782 morum
389 715 554 781 honestas.
580 716 669 799 Ide0‚
687 717 881 780 Beatissime
897 716 1005 798 Pater,
1031 718 1192 804 scandali·

75 827 185 879 rantur
215 837 331 879 omnes
363 817 467 878 exteri
491 816 548 901 qui
580 814 813 898 ingrediuntur
845 814 1004 899 templum
1028 817 1066 880 B.
1092 817 1190 897 Petri,

75 913 126 976 ubi
156 913 345 976 sacerdotes
377 912 514 996 quidam
538 912 674 994 sordidi,
707 913 824 996 ignari,
857 912 965 977 induti
989 916 1192 998 paramentis

74 1020 105 1073 et
131 1011 281 1074 vestibus
313 1008 434 1095 quibus
457 1032 519 1072 nec
550 1011 585 1074 in
618 1009 760 1074 sordidis
795 1009 934 1074 aedibus
970 1011 1105 1076 honeste
1144 1014 1191 1075 uti

73 1118 210 1192 possent,
244 1109 360 1172 missas
390 1108 589 1173 celebrant.“
639 1101 873 1172 Amovendum
904 1109 967 1172 hoc
996 1110 1191 1174 scandalum

72 1217 136 1268 tum
168 1207 232 1288 ibi,
272 1216 343 1269 tum
368 1207 403 1270 in
427 1206 500 1270 aliis
525 1206 682 1272 ecclesiis.
719 1244 762 1254 -
801 1205 859 1287 „In
883 1206 947 1270 hac
976 1209 1077 1271 etiam
1104 1206 1192 1272 Urbe

71 1306 257 1368 meretrices
294 1314 331 1368 ut
368 1315 537 1368 matronae
575 1304 737 1371 incedunt
773 1327 831 1389 per
860 1305 985 1387 urbem,
1018 1329 1075 1370 seu
1104 1306 1194 1370 mula

71 1402 247 1484 vehuntur,
272 1425 355 1488 quas
371 1413 577 1466 assectantur
602 1403 642 1467 de
661 1403 769 1466 media
794 1402 848 1466 die
861 1403 988 1468 nobiles
1012 1403 1193 1468 familiares

72 1497 300 1564 Cardinalium
325 1500 513 1587 clericique.
560 1500 660 1564 Nulla
684 1502 718 1563 in
743 1500 824 1563 urbe
849 1500 996 1564 vidimus
1020 1501 1110 1565 hanc
1126 1525 1193 1566 cor-

70 1600 267 1682 ruptionem,
292 1608 525 1685 praeterquam
549 1600 584 1662 in
608 1599 672 1662 hac
696 1601 845 1662 omnium
870 1598 1061 1683 exemplari.
1092 1598 1193 1662 Habi-

71 1707 139 1760 tent
170 1698 271 1759 etiam
304 1699 451 1780 insignes
483 1697 599 1778 aedes,
640 1696 855 1781 corrigendus
880 1697 979 1759 etiam
1010 1695 1065 1760 hic
1088 1699 1194 1782 turpis

70 1795 223 1858 abusus.“
273 1795 399 1859 Volunt
429 1804 465 1859 ut
493 1797 699 1880 privatorum
731 1797 764 1858 in
790 1794 881 1859 Urbe
911 1795 1036 1858 civium
1062 1795 1138 1858 odia
1163 1805 1194 1857 et

71 1893 266 1956 inimicitiae
294 1915 354 1977 per
378 1893 545 1977 delegatos
570 1893 765 1957 Cardinales
797 1902 1053 1977 componantur3
1093 1901 1194 1978 utque

71 1989 301 2076 hospitalium,
347 1991 548 2076 pupillorum
585 2001 616 2055 et
651 1992 829 2056 viduarum
874 1993 1082 2054 conveniens·
1115 2014 1194 2054 cura

70 2088 274 2170 habeatur.¹)
299 2127 343 2135 -
366 2089 421 2152 Ex
443 2089 495 2152 his
519 2091 693 2174 perspicue
717 2089 821 2170 videS,
858 2089 1056 2152 Pontificem
1080 2092 1128 2153 uti
1154 2090 1194 2152 de

71 2185 219 2250 Concilio
235 2187 394 2269 cogendo,
420 2189 466 2250 ita
481 2189 580 2250 etiam
598 2187 639 2250 de
656 2187 888 2250 reformatione
902 2186 1000 2250 valde
1018 2187 1193 2250 sollicitum

70 2285 180 2348 fuisse.
228 2284 329 2348 Plura
354 2285 488 2370 quidem
512 2287 547 2348 in
572 2286 633 2348 isto
663 2283 802 2349 Consilio
827 2285 975 2348 severius
1000 2294 1031 2347 et
1056 2307 1195 2369 exagge·

70 2385 195 2446 ratione
230 2383 376 2466 quadam
411 2383 500 2447 dicta
525 2392 557 2446 et
580 2385 748 2467 proposita
779 2393 864 2463 sunt,
900 2382 1064 2466 quaedam
1094 2385 1194 2446 etiam

72 2481 109 2543 de
133 2478 242 2544 abusu
267 2482 377 2544 minus
401 2466 496 2544 recte
513 2490 636 2561 notata,
663 2481 720 2544 sed
735 2480 854 2563 magno
871 2482 945 2544 usui
961 2481 1096 2544 fuerunt
1112 2481 1195 2544 hacc

72 2581 205 2642 monita.
256 2579 388 2642 Etenim
420 2579 577 2642 Pontifex
604 2578 676 2662 jam
707 2588 887 2663 antequam
912 2578 1100 2645 Concilium
1124 2580 1194 2644 Tri-

72 2678 244 2740 dentinum
270 2686 450 2760 cogeretur,
484 2677 579 2762 plura
603 2677 816 2758 reformavit,
851 2678 885 2739 in
910 2678 980 2761 ipso
1005 2697 1084 2740 vero
1111 2677 1193 2740 Cou-

74 2775 144 2839 cilio
169 2798 211 2838 ac
234 2783 349 2858 postea
382 2774 498 2839 eadem
528 2774 717 2838 reformatio
746 2775 913 2859 sapienter
943 2796 982 2837 ac
1014 2774 1195 2859 prudenter

76 2876 265 2937 continuata
289 2882 348 2937 est.

158 2990 214 3054 22.
261 2988 399 3051 Interim
431 2987 500 3050 dux
531 2988 688 3050 Mantuae
724 2987 873 3051 Concilio
904 2989 939 3051 in
970 3011 1030 3050 sua
1059 2989 1193 3050 civitate
1224 2986 1353 3060 ,⁰9³⁰ffijlm

76 3087 269 3152 celebrando
295 3084 509 3149 difficultates
542 3087 712 3169 opposuit,
752 3088 798 3149 ita
829 3095 866 3148 ut
888 3085 1009 3149 Paulus
1039 3085 1091 3148 III
1126 3087 1194 3149 adi-
1218 3051 1356 3152 nllcdddlld.

73 3195 203 3269 geretur
237 3183 320 3247 illud
345 3183 386 3245 ad
413 3183 501 3245 diem
528 3185 586 3246 lum
604 3183 684 3267 Maji
709 3206 737 3248 a.
765 3184 849 3248 1538
875 3184 1048 3247 Vicentiae
1072 3183 1195 3247 haben-

74 3283 148 3347 dum
173 3281 366 3362 indicere.²)
414 3279 479 3344 Sed
503 3281 624 3344 frustra
641 3281 766 3344 ibidem
783 3292 848 3344 tres
866 3281 1071 3362 CardinaleS,
1096 3281 1195 3364 legati

73 3381 252 3462 Pontificis,
278 3378 463 3464 perplures
488 3400 616 3442 menses
633 3378 761 3462 Synodi
778 3380 927 3443 membra
949 3389 1195 3464 exspectarunt.

144 3663 165 3730 ¹)
187 3661 336 3715 Consilium
364 3660 528 3714 delectorum
547 3660 732 3714 Cardinalium
760 3666 787 3714 et
815 3661 928 3714 aliorum
956 3663 1140 3729 praelatorum
1164 3663 1197 3715 de

74 3742 239 3797 emendenda
257 3741 386 3806 Ecclesia,
417 3741 443 3798 S.
463 3742 494 3795 D.
514 3741 547 3795 N.
577 3741 660 3794 Paulo
683 3741 727 3794 III
760 3741 873 3809 jubente
898 3742 1076 3809 conscriptum
1101 3749 1129 3795 et
1153 3759 1197 3796 ex-

73 3821 188 3875 hibitum
207 3837 279 3875 anno
298 3821 509 3877 MDXXXVIII.
547 3823 597 3888 Ap.
617 3822 655 3875 Le
675 3821 745 3885 Plat,
765 3821 802 3875 ΙΙ.
822 3839 847 3888 p.
867 3823 926 3874 596.
957 3852 988 3859 —
1018 3821 1129 3874 Falsum
1148 3829 1197 3884 est,

74 3902 120 3955 hoc
142 3903 296 3956 Consilium
316 3917 332 3953 a
350 3901 435 3954 Paulo
454 3897 494 3954 IV
521 3900 666 3971 (quondam
685 3901 762 3957 Card.
783 3900 899 3961 Caraffa)
928 3902 956 3954 in
975 3899 1093 3954 Iudicem
1117 3901 1197 3954 libro-

74 3998 131 4036 rum
158 3981 357 4050 prohibitorum
377 3997 435 4034 esse
453 3981 592 4034 insertum.
630 3982 749 4034 Tantum
769 3981 852 4035 editio
871 3997 903 4033 ea
922 3996 989 4046 quae
1015 3997 1039 4037 a.
1062 3981 1130 4034 1538
1149 3983 1198 4034 Ar·-

74 4063 212 4130 gentorati
230 4061 306 4114 facta
324 4070 366 4114 est
384 4077 431 4128 per
443 4062 468 4118 J.
483 4061 640 4126 sturmium,
660 4061 759 4114 additis
779 4061 812 4114 ab
831 4061 889 4128 ipso
908 4067 936 4114 et
955 4060 1105 4113 aliuthero
1125 4062 1198 4114 notis

74 4142 218 4210 iuJ‘uriosiS,
238 4142 344 4196 aliaeve
362 4141 560 4195 haereticorum
578 4141 710 4196 editiones
729 4141 757 4194 in
777 4140 894 4194 indicem
912 4140 1016 4194 relatae
1035 4149 1107 4194 sunt.

147 4265 169 4334 2)
188 4266 246 4322 Gfr.
265 4266 369 4320 Pallav.
388 4266 419 4322 L.
434 4265 482 4319 1v.
502 4264 530 4318 O.
549 4263 601 4322 ΙΙΙ.
