3336 4908
301 481 341 534 De
359 479 524 534 Jansenisini
543 480 649 548 origine
668 485 696 535 et
715 479 870 548 progressu.
1094 482 1146 535 241

45 626 82 685 uti
101 635 310 688 tastamentum
325 624 467 687 editores
483 624 671 708 vulgarunt,
690 624 731 687 ab
749 625 790 687 iis
807 627 1021 708 compositam
1036 627 1147 705 fuisse,

44 743 76 783 ue
90 724 120 784 iu
135 722 310 809 Aupuatioo
335 722 463 786 edendo
489 721 660 786 obstacula
684 724 763 805 ipsis
787 722 913 786 fierent.
952 722 1055 786 Sensa
1079 725 1145 808 qui·

43 819 106 882 dem
121 821 271 884 lansenii
296 841 334 883 eo
359 822 531 900 contineri,
558 843 659 905 quum
684 822 774 882 etin
798 819 864 883 fine
888 821 995 904 operis
1021 820 1147 901 (Tull.
1215 839 1220 847 ·

43 917 73 980 L.
88 918 127 980 X.
152 940 179 983 c.
208 919 262 998 18)
287 919 454 981 doctrinas
479 941 554 981 suas
573 918 702 1003 judicio
728 917 829 984 Sedis
843 917 1054 1002 Apostolicae
1079 919 1148 1002 ipse

43 1015 218 1079 submiserit
254 1026 287 1078 et
324 1016 465 1078 Romani
496 1016 673 1096 ,Pontificis
710 1013 979 1078 infallibilitatem
1019 1038 1149 1101 semper

42 1113 219 1179 defenderit.
231 1111 256 1198 1)

115 1231 165 1294 28.
204 1230 362 1293 Attamen
387 1230 625 1307 existimamus,
651 1226 702 1291 his
726 1229 910 1293 rationibus
934 1251 1000 1292 non
1025 1231 1146 1311 evinci,
1173 1232 1303 1344 [Ξίξῑζίᾞῑθ

40 1325 283 1390 declarationem
308 1325 399 1390 illam
424 1351 443 1390 a
459 1327 619 1391 Janscnio
645 1328 805 1390 moriente
829 1350 896 1390 non
922 1328 1022 1390 fuisse
1048 1328 1148 1391 dicta-

38 1435 102 1487 tam.
149 1424 257 1488 Valde
290 1427 378 1488 enim
404 1423 574 1509 probabile
605 1436 662 1505 est,
695 1445 798 1509 quum
823 1446 910 1488 mors
929 1426 999 1510 jam
1025 1427 1148 1489 instare

38 1522 194 1586 rideretur
217 1523 440 1606 Reginaldum
465 1523 659 1601 Lamaeum‚
695 1524 841 1607 episcopi
866 1522 1012 1607 Iprensis
1043 1525 1148 1608 capel·

7 1618 9 1622 ’
37 1620 135 1684 lanum
160 1631 193 1684 et
218 1621 454 1684 confessarium
480 1620 665 1701 advenisse,
691 1623 788 1706 eique
811 1622 1008 1686 Jansenium
1033 1623 1148 1705 paucis

38 1719 134 1782 verbis
157 1719 310 1783 ultimam
336 1741 429 1782 suam
455 1718 659 1781 voluntatem
686 1719 726 1781 de
751 1719 900 1782 confecto
925 1740 1022 1802 opere
1047 1721 1148 1782 mani·

37 1816 166 1880 festasse.
193 1820 227 1880 Is
242 1839 321 1880 vero
340 1819 403 1881 cito
428 1819 537 1901 potuit
561 1819 682 1900 scripto
708 1816 964 1880 declarationem
983 1819 1148 1901 suscipere

37 1936 66 1976 ac
88 1916 231 1999 sigillum
257 1916 401 1999 episcopi
439 1914 570 1993 addere,
612 1914 666 1977 hic
700 1936 777 1977 vero
811 1937 883 1978 eam
908 1913 1147 2000 subscriptione

37 2015 161 2078 munire.
214 2011 311 2091 Quod
344 2015 431 2075 eninr
456 2014 491 2075 in
515 2014 669 2096 agoniam
694 2012 845 2075 incidens
875 2012 1026 2075 sensibus
1050 2012 1149 2075 fuerit

36 2108 199 2173 destitutus
232 2133 273 2172 ex
305 2110 513 2173 documentis
543 2132 609 2172 non
640 2108 815 2194 colligitur,
847 2112 976 2195 ipsique
1008 2110 1148 2173 editores

36 2211 239 2288 conveniunt,
272 2209 331 2270 vix
363 2201 486 2270 media
505 2207 586 2271 hora
620 2218 695 2270 ante
728 2219 866 2271 mortem
891 2206 1147 2271 declarationem

35 2303 110 2368 illam
128 2306 289 2369 dictatam
302 2305 416 2369 fuisse.
441 2305 610 2368 Immerito
625 2326 723 2389 porro
737 2307 934 2389 supponitur
949 2305 1147 2369 Jansenium

34 2403 103 2465 adeo
133 2401 353 2488 tranquillum
383 2403 498 2483 fuisse,
536 2414 572 2465 ut
602 2425 643 2465 ne
675 2404 835 2484 cogitaret
864 2404 999 2487 quidem
1032 2404 1072 2467 de
1097 2406 1147 2467 sui

35 2505 128 2584 operis
153 2503 358 2566 discrimine.
406 2500 459 2562 Ex
484 2499 659 2586 Augustino
692 2503 763 2584 ipso
789 2501 876 2563 enim
900 2512 1000 2585 patet,
1033 2502 1148 2567 Janse·

35 2601 113 2662 nium
137 2601 205 2663 sibi
231 2600 400 2661 conscium
424 2598 526 2660 fuisse
551 2598 640 2683 quod
656 2598 729 2682 Baji
755 2597 922 2661 doctrinas
939 2601 1147 2681 instauraret,

34 2707 59 2758 et
85 2699 239 2782 quamvis
272 2697 397 2760 nitatur
428 2709 566 2759 conatus
602 2717 677 2758 suos
713 2695 906 2775 defendere,
945 2697 1148 2760 contendens

34 2799 130 2859 varias
159 2796 236 2880 Baji
269 2796 508 2879 propositiones
541 2817 610 2857 esse
643 2793 816 2857 damnatas
852 2805 979 2857 tantum
1017 2807 1149 2881 propter

33 2894 249 2972 acerbitatem,
275 2914 313 2956 eo
338 2894 427 2978 quod
451 2893 492 2957 ob
508 2894 691 2956 novitatem
708 2895 741 2955 in
755 2892 906 2955 Ecclesia
921 2896 1148 2957 contentiones

34 2995 211 3072 excitarint,
236 3013 397 3076 posseque
421 2990 549 3076 aliquas
574 2992 727 3054 sustineri
753 2993 786 3054 in
804 2993 911 3075 rigore
935 3001 967 3053 et
991 2990 1089 3054 sensu
1106 2992 1147 3055 ab

33 3102 155 3154 auctore
180 3089 349 3169 intento‚²)
375 3111 440 3152 non
466 3091 574 3173 potuit
587 3110 653 3152 uon
668 3090 866 3172 persentire,
885 3088 1052 3152 doctrinas
1074 3112 1148 3152 suas

32 3188 119 3253 valde
142 3187 339 3274 periclitari.
373 3188 615 3251 Existimamus
632 3188 733 3268 igitur
758 3186 1015 3250 declarationem
1041 3189 1147 3267 istam,

33 3305 121 3367 quam
147 3306 236 3367 vaga
260 3285 404 3369 quadam
429 3287 548 3349 rationi
574 3284 716 3348 editores
742 3294 956 3347 testamcutum
981 3284 1147 3364 dixerunt,

32 3403 93 3446 esse
116 3384 311 3469 genuinam.

111 3509 165 3572 29.
214 3506 404 3571 Declaratio
436 3519 546 3570 autem
578 3507 661 3570 haee
686 3506 916 3570 submissionis
940 3507 975 3568 in
1001 3505 1037 3570 R.
1064 3505 1147 3568 Pon-

31 3603 144 3668 tificem
179 3607 309 3668 sincera
339 3605 441 3668 fuisse
470 3604 612 3667 videtur.
660 3605 793 3667 Etenim
827 3625 886 3687 per
917 3602 1146 3686 ae...ejusmodi

31 3701 178 3767 solemnis
193 3708 393 3787 protestatio,
414 3704 557 3766 instante
571 3713 674 3766 morte
686 3703 782 3783 facta,
798 3701 1023 3764 characterem
1036 3720 1147 3785 quem-

33 3797 101 3863 dam
126 3800 229 3865 hab'et
253 3803 465 3864 sinceritatis.
497 3800 567 3863 Nec
592 3800 672 3863 illud
698 3799 787 3885 quod
811 3798 906 3862 dicitt·
932 3794 1039 3860 Sentio
1065 3798 1147 3859 caira

36 3978 238 3988 ——-.-

100 4083 117 4148 ¹)
136 4079 168 4135 L.
188 4097 210 4138 c.
230 4097 256 4148 p.
276 4081 311 4134 37
330 4096 387 4148 sqq.

97 4167 120 4236 ΙᾸ)
139 4169 172 4224 V.
193 4169 374 4238 Augustinus
388 4171 418 4228 L.
437 4170 485 4228 IV.
512 4170 541 4225 Ο.
561 4169 790 4233 XXV-XXVII,
819 4176 847 4222 et
875 4185 908 4224 ea
935 4185 1004 4235 quae
1031 4169 1148 4223 diximus

32 4248 146 4313 superius
165 4250 197 4304 de
216 4250 401 4303 controversia
419 4251 505 4316 quoad
528 4250 639 4304 Cenoma
662 4249 792 4302 Picatum..

80 4366 220 4417 Jungmann,
235 4369 428 4408 Dissertationes.
443 4368 508 4407 Tem.
520 4367 573 4408 VII.
750 4384 754 4391 Δ
819 4380 821 4388 ’
954 4357 988 4409 16
