3288 4900
468 413 523 468 156
789 414 946 469 xxxvnn
965 415 1006 470 De
1024 415 1143 481 Concilio
1161 416 1329 472 Tridentino.

467 559 617 638 vertitur,
656 566 688 621 et
722 559 858 644 judicii¹
883 559 1145 645 prudentiaeque
1177 562 1286 644 potius
1316 561 1444 646 aliquid
1477 561 1583 626 deesse

467 657 612 720 ostendit
634 679 735 742 quam
759 657 926 721 bonitatis.

560 756 633 819 113.
666 754 841 819 Caeterum
867 755 955 840 quod
973 755 1016 819 ad
1032 755 1229 820 Pontificem
1254 758 1372 820 attinet
1387 766 1419 819 et
1435 757 1582 840 Legatos,

467 874 571 938 quum
584 863 682 917 antea
697 853 879 917 adventum
897 852 1070 918 Gallorum
1085 854 1184 918 valde
1201 854 1453 936 desiderassent,
1477 864 1583 939 postea

467 972 570 1036 quum
604 951 817 1015 Cardinalem
852 950 1095 1034 Lotharingum
1131 974 1207 1017 cum
1239 951 1391 1037 pluribus
1427 953 1583 1036 episcopis

467 1050 735 1134 appropinquare
758 1050 976 1130 nuntiaretur,
1008 1071 1074 1113 non
1106 1051 1275 1115 modicum
1299 1049 1524 1114 formidabant
1546 1071 1582 1113 ne

466 1144 621 1230 Synodus
645 1146 846 1211 turbaretur.
891 1147 1052 1212 Rumores
1077 1149 1166 1212 enirn
1189 1159 1261 1212 tum
1285 1148 1410 1212 Romae
1435 1157 1504 1211 tum
1519 1147 1582 1210 Tri·

467 1247 559 1310 denti
582 1247 687 1330 sparsi
712 1254 890 1309 eranteam
908 1245 1097 1310 Cardinalis
1120 1269 1192 1311 esse
1214 1248 1433 1311 intentionem
1457 1245 1500 1310 ab
1517 1247 1581 1330 ipso

432 1357 435 1363 “
465 1345 681 1423 enuntiatam,
707 1358 744 1407 ut
767 1366 801 1407 se
817 1344 1103 1426 Caesarianorum,
1127 1343 1299 1409 Gallorum
1316 1354 1349 1409 et
1362 1345 1581 1429 Hispanorum

465 1445 695 1528 episcoporum
720 1451 820 1527 caput
844 1451 876 1504 et
900 1441 1020 1506 ducem
1044 1442 1206 1507 adversus
1219 1443 1320 1507 Italos
1344 1453 1377 1506 et
1400 1441 1582 1526 pontificios

465 1542 690 1605 constitueret.
736 1540 821 1603 Inde
837 1540 916 1603 Pius
931 1540 980 1603 IV
1005 1539 1073 1603 fere
1093 1539 1243 1624 optabat,
1268 1549 1305 1604 ut
1320 1561 1372 1603 res
1389 1541 1580 1623 praecipuae

464 1648 541 1702 ante
558 1636 740 1701 adventum
758 1637 829 1722 ejus
844 1636 1106 1718 absolverentur,
1124 1647 1156 1702 et
1167 1638 1311 1722 Legatos
1327 1637 1476 1722 urgebat.
1502 1638 1578 1701 Dein

464 1738 564 1800 etiam
590 1735 699 1818 plures
722 1735 839 1799 Italiae
863 1738 1036 1822 episcopos
1060 1736 1253 1818 stimulavit,
1286 1747 1323 1800 ut
1346 1736 1390 1801 ad
1414 1735 1578 1819 Synodun

464 1834 670 1913 accederent,
695 1854 759 1917 quo
777 1834 883 1918 major
898 1833 993 1897 fieret
1015 1856 1092 1919 pars
1111 1855 1224 1898 eorum
1241 1834 1441 1919 praesulum,
1468 1833 1580 1919 quibus

464 1933 599 1995 omnino
624 1931 725 1994 fidere
749 1941 870 2016 posset.
898 1932 1030 1995 Nimius
1054 1932 1189 2018 quidem
1213 1932 1277 1995 fuit
1293 1931 1455 2017 ejusmodi
1475 1953 1578 2016 pavor,
1622 1940 1623 1946 ’

464 2029 522 2094 sed
550 2028 634 2093 nihil
664 2029 756 2093 aliud
788 2028 877 2110 fecit,
915 2030 979 2092 nisi
1010 2040 1047 2093 ut
1075 2028 1242 2114 praesules
1265 2029 1365 2094 Italos
1390 2040 1524 2112 urgeret
1545 2028 1577 2092 ad

463 2126 672 2212 implendum
685 2126 844 2209 officium,
862 2149 926 2212 quo
937 2127 1072 2210 Synodo
1089 2126 1204 2193 adesse
1217 2128 1425 2193 tenebantur.
1444 2126 1578 2208 Quando

463 2246 542 2288 vero
564 2224 798 2309 'Lotharingus
837 2225 989 2307 advenit,
1028 2247 1106 2289 mox
1144 2228 1213 2310 ipse
1246 2227 1380 2289 timores
1411 2237 1578 2310 conceptos

462 2332 621 2407 tanquam
646 2331 803 2387 terrorem
828 2323 1007 2387 ridiculum
1033 2323 1159 2387 studuit
1183 2323 1360 2409 dissipare,
1391 2347 1488 2389 suam
1514 2346 1577 2407 erga

463 2420 658 2484 Pontificem
683 2423 931 2486 venerationem
955 2432 987 2486 et
1011 2420 1206 2507 obsequium
1232 2444 1327 2486 suum
1353 2431 1424 2484 tum
1448 2421 1576 2486 solemni
1619 2414 1620 2450 ³

462 2521 610 2583 oratione
637 2528 708 2583 tum
733 2521 872 2605 privatis
901 2518 1074 2605 colloquiis
1098 2529 1211 2604 aperte
1236 2519 1429 2584 declaravit.
1480 2519 1577 2604 Atque
1619 2555 1620 2604 j

461 2616 561 2680 talem
593 2619 778 2701 generatim
807 2640 841 2681 se
875 2617 1028 2702 praebuit
1063 2617 1169 2702 qualis
1205 2628 1284 2699 erat,
1320 2627 1357 2680 ut
1392 2626 1424 2680 et
1448 2619 1577 2681 virtutes

462 2716 567 2799 ipsius
591 2714 820 2797 clarescerent,
851 2724 882 2778 et
906 2715 1055 2778 defectus
1079 2737 1145 2778 non
1170 2714 1324 2786 laterent;
1356 2714 1477 2778 fraude
1502 2716 1574 2777 enin

461 2822 494 2876 et
508 2813 641 2877 fictione
658 2835 724 2877 non
742 2813 906 2877 utebatur.
931 2813 1049 2896 Legati
1065 2815 1128 2898 ipsi
1142 2824 1222 2878 tunc
1234 2814 1418 2878 universim
1432 2832 1574 2897 magnam

460 2912 724 2974 aestimationem
749 2910 974 2991 ostenderunt,
1006 2921 1105 2997 atque
1129 2934 1150 2975 a
1172 2911 1334 2978 Pontifice
1358 2911 1478 2974 moniti
1503 2918 1573 2983 sunt,

461 3019 497 3071 ut
521 3011 633 3074 omnia
649 3010 784 3095 majoris
799 3011 957 3073 momenti
976 3032 1052 3073 oum
1069 3010 1273 3093 Lotharingo
1290 3009 1572 3073 communicarent.

461 3104 735 3192 Conquerebatur
760 3107 976 3171 nihilominus
997 3108 1263 3192 frequentissime
1280 3105 1482 3189 Cardinalis,
1507 3104 1572 3168 fidu·

460 3206 546 3268 ciam
572 3207 826 3271 convenientem
851 3206 885 3267 in
910 3206 981 3289 ipso
1006 3227 1071 3269 non
1097 3207 1186 3291 poni,
1218 3226 1386 3291 quumque
1410 3227 1528 3268 revera
1548 3202 1570 3262 in

459 3301 588 3385 Synodi
612 3305 753 3386 negotiis
777 3324 975 3387 permagnas
999 3303 1137 3368 haberet
1165 3313 1284 3388 partes,
1319 3301 1383 3366 sibi
1408 3301 1568 3368 videbatur

459 3401 600 3462 nimium
626 3400 760 3485 negligi.
791 3400 832 3464 Id
857 3409 944 3464 certe
968 3402 1115 3465 maxime
1139 3401 1218 3466 inde
1242 3400 1473 3484 proveniebat,
1500 3395 1570 3484 quod

459 3497 576 3582 Legati
592 3498 747 3583 prudenti
765 3498 909 3584 quadam
935 3499 1231 3583 circumspectione
1248 3499 1409 3563 utendum
1427 3520 1498 3562 esse
1513 3517 1570 3560 cen·

458 3596 586 3661 sebant.
635 3595 791 3661 Habebat
828 3597 916 3659 enirn
948 3618 1027 3660 sane
1051 3596 1285 3681 Lotharingus,
1322 3597 1370 3659 uti
1403 3597 1569 3669 innuimus,

457 3695 612 3780 quamvis
635 3694 787 3758 Pontifici
811 3693 965 3757 addictus
996 3702 1089 3775 esset,
1124 3716 1190 3758 non
1221 3715 1294 3757 eam
1319 3693 1359 3758 de
1384 3694 1525 3778 primatu
1546 3697 1570 3750 et
1616 3695 1620 3853 Ι

457 3794 653 3858 auctoritate
678 3793 749 3877 ejus
766 3793 974 3870 sententiam,
1000 3813 1085 3876 quae
1100 3793 1188 3855 veris
1204 3792 1379 3877 principiis
1395 3788 1567 3875 respondet,

457 3888 516 3952 sed
540 3891 714 3974 opiniones
739 3889 900 3974 quasdam
926 3888 1034 3965 falsas,
1058 3911 1145 3975 quae
1162 3911 1203 3953 ex
1219 3888 1463 3954 Basileensium
1479 3885 1567 3951 turbis
1617 3952 1618 3955 Ἴ

456 3997 694 4063 remanserant,
734 3987 900 4051 tuebatur.
955 3987 1131 4051 Praeterea
1169 3996 1206 4049 ut
1243 3985 1312 4049 dux
1350 3987 1565 4071 episcoporum

458 4083 557 4145 unius
580 4085 688 4166 gentis
712 4082 843 4148 facilius
867 4086 967 4148 etiam
993 4083 1157 4148 desideria
1174 4093 1207 4147 et
1221 4105 1307 4169 quae
1324 4084 1483 4148 censebat
1496 4099 1565 4145 com·

457 4179 557 4243 moda
581 4179 627 4244 illi
652 4183 779 4245 nationi
803 4183 945 4246 nimium
970 4182 1186 4267 respiciebat,
1211 4181 1399 4246 verendum
1419 4191 1565 4267 postremo
