3336 4908
397 476 437 528 De
456 474 541 528 variis
560 473 760 531 controversiis.
1094 479 1146 532 207

43 619 152 683 nullum
182 643 223 684 ex
248 618 439 682 doctoribus
462 617 739 682 Lovaniensibus·
764 618 807 680 ad
832 617 1005 702 Synodum
1040 643 1146 684 accer-

43 739 108 781 sere.
151 718 306 781 Attamen
332 740 361 780 a.
389 716 474 780 1563
500 717 601 800 Bajus
625 737 645 777 a
668 736 745 797 rege
769 715 931 780 catholico
948 717 1146 782 Tridentum

42 816 192 898 delegatus
217 827 275 894 est,
301 823 337 877 ut
362 813 512 878 Concilio
536 815 748 880 interesset.¹l

115 915 164 978 29.
208 911 408 976 EOoncilio
433 911 623 974 Lovanium
648 911 753 974 redux
778 911 880 996 Bajus
904 913 1062 977 nonnulla
1086 936 1145 978 sua
1182 917 1290 956 mmmm

42 1011 182 1094 opuscula
213 1013 302 1095 typis
334 1010 486 1073 mandari
511 1011 659 1088 curavit3
692 1030 780 1072 nova
805 1009 1017 1074 dissidiorum
1042 1034 1144 1094 seges.

41 1108 123 1171 Anno
149 1110 235 1173 1564
266 1107 369 1192 aliqui
399 1129 464 1170 non
490 1129 532 1170 ex
557 1108 721 1170 Minoritis
752 1116 892 1186 11111111,
925 1109 982 1172 sed
1010 1132 1051 1172 ex
1076 1113 1147 1195 ipsa

40 1206 225 1270 Lovaniensi
250 1206 434 1269 Academia
467 1205 586 1268 multos
615 1204 771 1269 articulos
802 1227 845 1268 ex
868 1205 961 1283 libris
993 1230 1032 1271 ac
1057 1232 1148 1293 prae-

40 1302 221 1368 lectionibus
256 1304 330 1387 Baji
375 1312 539 1366 extractos
575 1302 815 1366 denuntiarunt
852 1303 941 1388 apud
981 1328 1147 1370 summum

40 1402 218 1466 Pontificem
235 1403 332 1464 Pium
347 1402 401 1464 lv
438 1402 478 1464 Ei
492 1424 509 1464 e
522 1403 610 1464 vivis
634 1400 762 1465 sublato
788 1404 945 1465 successit
969 1426 992 1468 s.
1011 1405 1090 1467 Pius
1103 1406 1146 1487 V,

39 1516 63 1561 et
83 1501 133 1563 hic
149 1492 304 1564 Pontifex
329 1500 460 1562 11561
487 1500 564 1563 data
589 1499 727 1562 solemni
746 1498 989 1564 Constitutione
1014 1501 1147 1565 damna·

39 1600 77 1660 vit
98 1600 336 1684 propositiones
361 1620 498 1661 numero
530 1601 741 1681 septuaginta
765 1620 833 1678 sex,
862 1600 963 1662 tacito
987 1600 1061 1684 Baji
1094 1623 1148 1664 uo·

39 1698 122 1760 niue.
154 1695 187 1760 S.
207 1695 363 1759 Facultas
380 1696 601 1759 Lovaniensis
617 1695 747 1759 Bullam
765 1696 935 1759 Pontifiois
959 1709 1149 1763 reverenter

39 1797 177 1879 suscepit.
228 1794 259 1859 J.
279 1794 449 1858 Hesselius
468 1794 541 1878 jam
556 1818 585 1860 a.
606 1794 691 1858 1566
709 1795 851 1857 Lovanii
877 1794 1020 1876 obierat3
1045 1797 1148 1882 Bajus

38 1912 102 1954 vero
133 1895 241 1977 primo
273 1894 518 1976 tergiversatus,
559 1915 646 1955 anno
673 1892 759 1956 1510
791 1891 907 1955 Β11111
942 1894 1147 1980 subscripsit.

37 1989 147 2054 Verum
173 1991 286 2075 plures
311 1983 385 2074 Baji
409 1991 555 2053 fautores
579 1990 669 2053 haud
693 1992 950 2074 acquieverunt3
976 1991 1031 2054 alii
1056 1994 1147 2058 vide-

36 2084 101 2150 licet
122 2089 314 2172 pontificiae
338 2087 454 2151 Bullae
478 2087 684 2151 authentiam
709 2087 908 2151 indubium
933 2101 1147 2174 vocaverunt,

38 2206 96 2247 eam
109 2187 237 2250 11111111
246 2187 501 2269 supposititiam,
512 2185 566 2248 vel
574 2185 805 2270 subreptitiam
817 2208 887 2248 esse
898 2189 1147 2257 contenderunt.

38 2280 180 2346 61111111
207 2305 338 2368 quoque
356 2284 471 2347 Bullae
489 2284 628 2369 adjecta,
655 2294 789 2368 propter
804 2307 905 2348 unam
927 2288 1148 2371 interpuncta-

36 2382 144 2444 tionem
162 2405 222 2445 seu
234 2381 401 2464 virgulam
426 2382 650 2445 diversimode
675 2381 877 2456 collocatam,
904 2385 1000 2446 novis
1017 2395 1149 2450 conten-

36 2478 169 2542 tionibus
194 2488 227 2541 11
250 2481 333 2543 rixis
365 2481 572 2543 occasionem
606 2490 638 2542 et
668 2488 878 2564 praetextum
903 2483 1147 2566 suppeditabat.

36 2572 156 2640 Scilicet
180 2587 256 2662 post
272 2589 481 2640 enumeratas
505 2579 746 2663 propositiones
764 2577 846 2641 haec
867 2578 962 2642 addit
976 2580 1147 2646 Pontifex:

39 2670 113 2744 Quas
136 2675 261 2760 quidem
287 2678 458 2738 sententias
482 2677 590 2738 stricto
615 2699 721 2738 corant
744 2675 834 2738 nobis
858 2680 1002 2740 enumine
1030 2681 1147 2764 ponde

35 2783 111 2836 ratus
135 2796 325 2858 petamquurn
348 2771 521 2836 nonnullae
546 2773 653 2858 aliquo
673 2783 770 2858 puoto
788 2776 940 2838 sustineri
950 2788 1089 2860 possent,
1113 2781 1148 2841 in

35 2871 124 2953 rigore
165 2881 194 2933 et
224 2873 359 2956 proprio
399 2869 562 2934 uerborum
593 2893 686 2934 sensu
718 2870 757 2933 ab
789 2874 1008 2959 assertoribus
1028 2876 1147 2939 intento

35 2967 207 3046 decretione,
241 2992 398 3045 erroneus,
424 2978 484 3032 etc.
511 2970 707 3032 da'mnurnus.
756 2969 916 3033 Fautores
940 2971 1013 3055 Baji
1039 2975 1148 3054 virgu-

35 3063 100 3147 1111,
125 3089 211 3152 quae
235 3077 308 3151 post
326 3068 464 3129 verbum
489 3067 578 3130 istud
597 3078 727 3152 possent
752 3067 944 3131 collocanda
964 3079 1021 3149 est,
1047 3080 1148 3134 trans·

34 3162 176 3228 ferebant
200 3166 368 3248 postiam,
403 3189 494 3228 sensu
528 3165 566 3228 111
592 3165 772 3229 unctoribus
801 3168 943 3240 intento;
980 3169 1147 3251 nimirum,

36 3261 177 3325 utillum
204 3283 336 3324 sensum
362 3261 535 3325 elicerent:
568 3262 800 3347 „Quamquam
826 3263 1004 3329 nonnullae
1028 3287 1069 3328 ex
1094 3288 1149 3329 no·

34 3361 101 3422 tatis
123 3360 408 3444 propositionibus
432 3360 541 3446 aliquo
560 3370 655 3445 pacto
674 3363 827 3425 sustineri
843 3373 976 3448 possent
990 3365 1022 3427 in
1040 3367 1149 3448 rigore

35 3467 61 3515 et
89 3459 220 3543 proprio
245 3457 423 3521 verborum
448 3480 545 3521 sensu
570 3459 612 3522 ab
637 3458 828 3523 auctoribus
852 3463 989 3542 intento,
1021 3484 1075 3524 eas
1103 3472 1148 3526 ta·

1174 979 1298 1018 damnatio.

35 3572 100 3616 men
125 3565 162 3618 ut
186 3555 378 3635 haereticas,
405 3565 465 3620 etc.
490 3558 675 3640 respective
701 3556 929 3622 (111111111111,1
961 3597 1002 3605 -
1036 3559 1148 3640 Quum
1235 3617 1238 3626 .

35 3650 125 3733 igitur
142 3653 400 3738 disceptationes
417 3654 695 3732 recrudescerent,
717 3653 897 3738 Gregorius
911 3656 997 3719 XIII
1011 3657 1148 3720 alteram

35 3745 156 3813 Bullam
181 3773 211 3814 a.
238 3750 323 3814 1579
347 3773 406 3835 per
430 3752 548 3817 Prano.
574 3751 726 3815 Toletum
751 3753 783 3817 S.
805 3753 837 3817 J.
863 3752 1092 3836 presbyterum
1118 3764 1149 3819 et

34 3858 137 3926 postea
161 3849 194 3914 S.
211 3849 247 3913 R.
265 3848 303 3912 Ε.
330 3845 541 3912 Cardinalem
567 3849 609 3912 ad
627 3850 886 3914 Universitatem
903 3851 1148 3915 Lovaniensem

36 3941 128 4024 dedit,
140 3968 205 4032 qua
217 3946 397 4010 decessoris
409 3949 459 4010 sui
471 3946 747 4011 Constitutionem
761 3949 987 4012 authenticam
1006 3949 1149 4013 declara-

102 4097 121 4163 ¹)
142 4096 297 4151 Adfuerunt
315 4096 402 4149 tribus
421 4095 526 4150 ultimis
546 4097 660 4151 Concilii
679 4098 842 4152 sessionibus
862 4113 895 4152 ex
907 4098 1003 4170 Belgio
1022 4099 1149 4167 Episcopi

36 4170 153 4243 Iprensis,
172 4175 362 4231 Namurcensis
382 4184 410 4230 et
428 4176 628 4243 Atrebatensis,
657 4177 778 4246 theologi
807 4193 870 4232 vero
889 4178 982 4246 Bajus,
1009 4179 1149 4232 Hesselius

37 4256 61 4304 st
78 4253 220 4310 Janseuius
240 4256 460 4325 (Gandavensis).
