<?xml version="1.0" encoding="UTF-8"?>
<!DOCTYPE html PUBLIC "-//W3C//DTD XHTML 1.0 Transitional//EN"
    "http://www.w3.org/TR/xhtml1/DTD/xhtml1-transitional.dtd">
<html xmlns="http://www.w3.org/1999/xhtml" xml:lang="en" lang="en">
 <head>
  <title>
</title>
<meta http-equiv="Content-Type" content="text/html;charset=utf-8" />
  <meta name='ocr-system' content='tesseract 3.04.00' />
  <meta name='ocr-capabilities' content='ocr_page ocr_carea ocr_par ocr_line ocrx_word'/>
</head>
<body>
  <div class='ocr_page' id='page_1' title='image "./dissertationess03junggoog_0425.png"; bbox 0 0 3020 4908; ppageno 0'>
   <div class='ocr_carea' id='block_1_1' title="bbox 294 467 1230 525">
    <p class='ocr_par' dir='ltr' id='par_1_1' title="bbox 294 467 1230 525">
     <span class='ocr_line' id='line_1_1' title="bbox 294 467 1230 525; baseline 0 -2"><span class='ocrx_word' id='word_1_1' title='bbox 294 471 348 524; x_wconf 79' lang='lat'><strong>412</strong></span> <span class='ocrx_word' id='word_1_2' title='bbox 485 467 571 525; x_wconf 87' lang='lat' dir='ltr'>XLII.</span> <span class='ocrx_word' id='word_1_3' title='bbox 609 468 649 522; x_wconf 90' lang='lat' dir='ltr'><strong>De</strong></span> <span class='ocrx_word' id='word_1_4' title='bbox 666 473 743 522; x_wconf 90' lang='lat' dir='ltr'><strong>statu</strong></span> <span class='ocrx_word' id='word_1_5' title='bbox 761 467 897 522; x_wconf 76' lang='lat' dir='ltr'>Ecclesiae</span> <span class='ocrx_word' id='word_1_6' title='bbox 916 483 985 523; x_wconf 89' lang='lat' dir='ltr'><strong>saec.</strong></span> <span class='ocrx_word' id='word_1_7' title='bbox 1004 468 1105 522; x_wconf 88' lang='lat' dir='ltr'><strong>decimo</strong></span> <span class='ocrx_word' id='word_1_8' title='bbox 1124 473 1230 525; x_wconf 81' lang='lat' dir='ltr'><strong>octavo.</strong></span> 
     </span>
    </p>
   </div>
   <div class='ocr_carea' id='block_1_2' title="bbox 132 611 1509 4320">
    <p class='ocr_par' dir='ltr' id='par_1_2' title="bbox 293 611 1506 1264">
     <span class='ocr_line' id='line_1_2' title="bbox 295 611 1416 698; baseline 0 -22"><span class='ocrx_word' id='word_1_9' title='bbox 295 613 395 676; x_wconf 90' lang='lat' dir='ltr'><strong>finem</strong></span> <span class='ocrx_word' id='word_1_10' title='bbox 429 613 492 677; x_wconf 82' lang='lat' dir='ltr'>sibi</span> <span class='ocrx_word' id='word_1_11' title='bbox 515 613 720 698; x_wconf 89' lang='lat' dir='ltr'><strong>propositum</strong></span> <span class='ocrx_word' id='word_1_12' title='bbox 755 611 904 675; x_wconf 90' lang='lat' dir='ltr'><strong>obtinere</strong></span> <span class='ocrx_word' id='word_1_13' title='bbox 934 611 1156 694; x_wconf 80' lang='lat' dir='ltr'><strong>conabantur,</strong></span> <span class='ocrx_word' id='word_1_14' title='bbox 1194 621 1231 676; x_wconf 89' lang='lat' dir='ltr'><strong>ut</strong></span> <span class='ocrx_word' id='word_1_15' title='bbox 1263 612 1416 676; x_wconf 91' lang='lat' dir='ltr'><strong>videlicet</strong></span> 
     </span>
     <span class='ocr_line' id='line_1_3' title="bbox 296 708 1415 775; baseline -0.001 -1"><span class='ocrx_word' id='word_1_16' title='bbox 296 710 577 775; x_wconf 79' lang='lat' dir='ltr'><strong>christianismum</strong></span> <span class='ocrx_word' id='word_1_17' title='bbox 601 709 644 774; x_wconf 95' lang='lat' dir='ltr'><strong>ad</strong></span> <span class='ocrx_word' id='word_1_18' title='bbox 669 710 832 773; x_wconf 90' lang='lat' dir='ltr'><strong>deismum</strong></span> <span class='ocrx_word' id='word_1_19' title='bbox 857 709 1062 774; x_wconf 78' lang='lat' dir='ltr'><strong>reducerent.</strong></span> <span class='ocrx_word' id='word_1_20' title='bbox 1110 709 1322 774; x_wconf 80' lang='lat' dir='ltr'><strong>Bibliotheca</strong></span> <span class='ocrx_word' id='word_1_21' title='bbox 1339 708 1415 774; x_wconf 88' lang='lat' dir='ltr'><strong>haec</strong></span> 
     </span>
     <span class='ocr_line' id='line_1_4' title="bbox 296 805 1414 893; baseline 0 -22"><span class='ocrx_word' id='word_1_22' title='bbox 296 808 393 873; x_wconf 87' lang='lat' dir='ltr'><strong>valde</strong></span> <span class='ocrx_word' id='word_1_23' title='bbox 406 808 527 872; x_wconf 85' lang='lat' dir='ltr'><strong>diffusa</strong></span> <span class='ocrx_word' id='word_1_24' title='bbox 539 810 574 872; x_wconf 89' lang='lat' dir='ltr'><strong>in</strong></span> <span class='ocrx_word' id='word_1_25' title='bbox 588 805 769 872; x_wconf 79' lang='lat' dir='ltr'><strong>Germania</strong></span> <span class='ocrx_word' id='word_1_26' title='bbox 785 809 891 892; x_wconf 90' lang='lat' dir='ltr'><strong>magis</strong></span> <span class='ocrx_word' id='word_1_27' title='bbox 903 809 1003 871; x_wconf 91' lang='lat' dir='ltr'><strong>etiam</strong></span> <span class='ocrx_word' id='word_1_28' title='bbox 1016 809 1130 871; x_wconf 90' lang='lat' dir='ltr'><strong>nocuit</strong></span> <span class='ocrx_word' id='word_1_29' title='bbox 1142 829 1242 893; x_wconf 89' lang='lat' dir='ltr'><strong>quam</strong></span> <span class='ocrx_word' id='word_1_30' title='bbox 1257 807 1414 891; x_wconf 87' lang='lat' dir='ltr'><strong>Encyclo·</strong></span> 
     </span>
     <span class='ocr_line' id='line_1_5' title="bbox 294 904 1506 998; baseline -0.002 -27"><span class='ocrx_word' id='word_1_31' title='bbox 294 906 415 991; x_wconf 90' lang='lat' dir='ltr'><strong>paedia</strong></span> <span class='ocrx_word' id='word_1_32' title='bbox 439 907 474 971; x_wconf 92' lang='lat' dir='ltr'><strong>in</strong></span> <span class='ocrx_word' id='word_1_33' title='bbox 498 905 624 985; x_wconf 79' lang='grc'>(111111,</span> <span class='ocrx_word' id='word_1_34' title='bbox 658 927 760 990; x_wconf 91' lang='lat' dir='ltr'><strong>quum</strong></span> <span class='ocrx_word' id='word_1_35' title='bbox 793 904 952 968; x_wconf 84' lang='lat' dir='ltr'><strong>doctrinis</strong></span> <span class='ocrx_word' id='word_1_36' title='bbox 980 904 1072 969; x_wconf 88' lang='lat' dir='ltr'><strong>falsis</strong></span> <span class='ocrx_word' id='word_1_37' title='bbox 1104 905 1219 970; x_wconf 86' lang='lat' dir='ltr'><strong>inille</strong></span> <span class='ocrx_word' id='word_1_38' title='bbox 1243 907 1416 990; x_wconf 86' lang='lat' dir='ltr'><strong>propositis</strong></span> <span class='ocrx_word' id='word_1_39' title='bbox 1505 971 1506 998; x_wconf 22' lang='grc' dir='ltr'>ἢ</span> 
     </span>
     <span class='ocr_line' id='line_1_6' title="bbox 293 1002 1506 1090; baseline -0.001 -23"><span class='ocrx_word' id='word_1_40' title='bbox 293 1005 404 1090; x_wconf 90' lang='lat' dir='ltr'><strong>plures</strong></span> <span class='ocrx_word' id='word_1_41' title='bbox 427 1002 572 1087; x_wconf 86' lang='lat' dir='ltr'><strong>theologi</strong></span> <span class='ocrx_word' id='word_1_42' title='bbox 596 1003 715 1067; x_wconf 88' lang='lat' dir='ltr'><strong>imbuti</strong></span> <span class='ocrx_word' id='word_1_43' title='bbox 740 1003 873 1068; x_wconf 89' lang='lat' dir='ltr'><strong>fuerint.</strong></span> <span class='ocrx_word' id='word_1_44' title='bbox 914 1003 959 1066; x_wconf 91' lang='lat' dir='ltr'><strong>Hi</strong></span> <span class='ocrx_word' id='word_1_45' title='bbox 982 1005 1017 1068; x_wconf 92' lang='lat' dir='ltr'><strong>in</strong></span> <span class='ocrx_word' id='word_1_46' title='bbox 1034 1002 1156 1067; x_wconf 88' lang='lat' dir='ltr'><strong>scholis</strong></span> <span class='ocrx_word' id='word_1_47' title='bbox 1171 1003 1317 1088; x_wconf 91' lang='lat' dir='ltr'><strong>publicis</strong></span> <span class='ocrx_word' id='word_1_48' title='bbox 1334 1005 1416 1088; x_wconf 92' lang='lat' dir='ltr'><strong>prin·</strong></span> <span class='ocrx_word' id='word_1_49' title='bbox 1505 1015 1506 1024; x_wconf 57' lang='lat'>¹</span> 
     </span>
     <span class='ocr_line' id='line_1_7' title="bbox 295 1099 1416 1187; baseline 0.001 -22"><span class='ocrx_word' id='word_1_50' title='bbox 295 1103 382 1187; x_wconf 89' lang='lat' dir='ltr'><strong>cipia</strong></span> <span class='ocrx_word' id='word_1_51' title='bbox 406 1100 613 1165; x_wconf 90' lang='lat' dir='ltr'><strong>naturalismi</strong></span> <span class='ocrx_word' id='word_1_52' title='bbox 638 1109 670 1164; x_wconf 91' lang='lat' dir='ltr'><strong>et</strong></span> <span class='ocrx_word' id='word_1_53' title='bbox 692 1100 909 1164; x_wconf 88' lang='lat' dir='ltr'><strong>rationalismi</strong></span> <span class='ocrx_word' id='word_1_54' title='bbox 928 1099 1100 1185; x_wconf 79' lang='lat' dir='ltr'><strong>discipulis</strong></span> <span class='ocrx_word' id='word_1_55' title='bbox 1124 1099 1342 1181; x_wconf 88' lang='lat' dir='ltr'><strong>instillabant,</strong></span> <span class='ocrx_word' id='word_1_56' title='bbox 1367 1100 1416 1166; x_wconf 87' lang='lat' dir='ltr'><strong>vel</strong></span> 
     </span>
     <span class='ocr_line' id='line_1_8' title="bbox 294 1198 1071 1264; baseline 0.001 -2"><span class='ocrx_word' id='word_1_57' title='bbox 294 1201 328 1263; x_wconf 92' lang='lat' dir='ltr'><strong>in</strong></span> <span class='ocrx_word' id='word_1_58' title='bbox 353 1198 569 1264; x_wconf 91' lang='lat' dir='ltr'><strong>concionibus</strong></span> <span class='ocrx_word' id='word_1_59' title='bbox 593 1198 757 1262; x_wconf 89' lang='lat' dir='ltr'><strong>deismum</strong></span> <span class='ocrx_word' id='word_1_60' title='bbox 782 1198 1071 1264; x_wconf 80' lang='lat' dir='ltr'><strong>commendabant.</strong></span> 
     </span>
    </p>

    <p class='ocr_par' dir='ltr' id='par_1_3' title="bbox 133 1285 1507 1381">
     <span class='ocr_line' id='line_1_9' title="bbox 133 1285 1507 1381; baseline -0.002 -19"><span class='ocrx_word' id='word_1_61' title='bbox 133 1304 267 1344; x_wconf 59' lang='lat' dir='ltr'><strong>”mmm</strong></span> <span class='ocrx_word' id='word_1_62' title='bbox 382 1298 436 1362; x_wconf 87' lang='grc'><strong>46.</strong></span> <span class='ocrx_word' id='word_1_63' title='bbox 484 1296 539 1360; x_wconf 85' lang='lat' dir='ltr'><strong>Ad</strong></span> <span class='ocrx_word' id='word_1_64' title='bbox 572 1297 886 1362; x_wconf 86' lang='lat' dir='ltr'><strong>indifferentismum</strong></span> <span class='ocrx_word' id='word_1_65' title='bbox 920 1298 954 1360; x_wconf 92' lang='lat' dir='ltr'><strong>in</strong></span> <span class='ocrx_word' id='word_1_66' title='bbox 986 1319 1022 1360; x_wconf 91' lang='lat' dir='ltr'><strong>re</strong></span> <span class='ocrx_word' id='word_1_67' title='bbox 1045 1297 1199 1380; x_wconf 91' lang='lat' dir='ltr'><strong>religiosa</strong></span> <span class='ocrx_word' id='word_1_68' title='bbox 1235 1318 1416 1381; x_wconf 89' lang='lat' dir='ltr'><strong>propagan·</strong></span> <span class='ocrx_word' id='word_1_69' title='bbox 1506 1285 1507 1348; x_wconf 75' lang='grc'><strong>1</strong></span> 
     </span>
    </p>

    <p class='ocr_par' dir='ltr' id='par_1_4' title="bbox 132 1367 1508 2166">
     <span class='ocr_line' id='line_1_10' title="bbox 132 1367 1507 1480; baseline -0.002 -19"><span class='ocrx_word' id='word_1_70' title='bbox 132 1367 262 1407; x_wconf 53' lang='lat' dir='ltr'><strong>mmm</strong></span> <span class='ocrx_word' id='word_1_71' title='bbox 294 1396 373 1460; x_wconf 93' lang='lat' dir='ltr'><strong>dum</strong></span> <span class='ocrx_word' id='word_1_72' title='bbox 403 1396 473 1460; x_wconf 89' lang='lat' dir='ltr'><strong>fere</strong></span> <span class='ocrx_word' id='word_1_73' title='bbox 496 1395 621 1480; x_wconf 90' lang='lat' dir='ltr'><strong>ubique</strong></span> <span class='ocrx_word' id='word_1_74' title='bbox 654 1404 686 1458; x_wconf 91' lang='lat' dir='ltr'><strong>et</strong></span> <span class='ocrx_word' id='word_1_75' title='bbox 714 1397 860 1459; x_wconf 83' lang='lat' dir='ltr'><strong>maxime</strong></span> <span class='ocrx_word' id='word_1_76' title='bbox 892 1397 925 1458; x_wconf 93' lang='lat' dir='ltr'><strong>in</strong></span> <span class='ocrx_word' id='word_1_77' title='bbox 949 1394 1141 1479; x_wconf 88' lang='lat' dir='ltr'><strong>regionibus</strong></span> <span class='ocrx_word' id='word_1_78' title='bbox 1172 1396 1416 1479; x_wconf 89' lang='lat' dir='ltr'><strong>protestanticis</strong></span> <span class='ocrx_word' id='word_1_79' title='bbox 1506 1379 1507 1396; x_wconf 41' lang='lat'>¹</span> 
     </span>
     <span class='ocr_line' id='line_1_11' title="bbox 292 1492 1507 1578; baseline -0.003 -20"><span class='ocrx_word' id='word_1_80' title='bbox 292 1493 423 1559; x_wconf 91' lang='lat' dir='ltr'><strong>saeculo</strong></span> <span class='ocrx_word' id='word_1_81' title='bbox 448 1494 576 1558; x_wconf 88' lang='lat' dir='ltr'><strong>decimo</strong></span> <span class='ocrx_word' id='word_1_82' title='bbox 594 1503 712 1558; x_wconf 83' lang='lat' dir='ltr'><strong>octavo</strong></span> <span class='ocrx_word' id='word_1_83' title='bbox 734 1493 913 1578; x_wconf 90' lang='lat' dir='ltr'><strong>plurimum</strong></span> <span class='ocrx_word' id='word_1_84' title='bbox 931 1515 1027 1578; x_wconf 92' lang='lat' dir='ltr'><strong>porro</strong></span> <span class='ocrx_word' id='word_1_85' title='bbox 1048 1492 1260 1558; x_wconf 89' lang='lat' dir='ltr'><strong>contulerunt</strong></span> <span class='ocrx_word' id='word_1_86' title='bbox 1276 1514 1416 1556; x_wconf 87' lang='lat' dir='ltr'><strong>arcanae</strong></span> <span class='ocrx_word' id='word_1_87' title='bbox 1506 1517 1507 1532; x_wconf 57' lang='grc'><strong>1</strong></span> 
     </span>
     <span class='ocr_line' id='line_1_12' title="bbox 292 1591 1416 1677; baseline -0.004 -21"><span class='ocrx_word' id='word_1_88' title='bbox 292 1595 482 1675; x_wconf 84' lang='lat' dir='ltr'><strong>societates,</strong></span> <span class='ocrx_word' id='word_1_89' title='bbox 515 1614 655 1677; x_wconf 93' lang='lat' dir='ltr'><strong>quorum</strong></span> <span class='ocrx_word' id='word_1_90' title='bbox 678 1593 760 1655; x_wconf 90' lang='lat' dir='ltr'><strong>socii</strong></span> <span class='ocrx_word' id='word_1_91' title='bbox 786 1593 895 1654; x_wconf 91' lang='lat' dir='ltr'><strong>vocati</strong></span> <span class='ocrx_word' id='word_1_92' title='bbox 927 1600 1003 1655; x_wconf 90' lang='lat' dir='ltr'><strong>sunt</strong></span> <span class='ocrx_word' id='word_1_93' title='bbox 1027 1591 1331 1654; x_wconf 82' lang='lat' dir='ltr'><strong>Francomarctorce</strong></span> <span class='ocrx_word' id='word_1_94' title='bbox 1360 1611 1416 1652; x_wconf 90' lang='lat' dir='ltr'><strong>seu</strong></span> 
     </span>
     <span class='ocr_line' id='line_1_13' title="bbox 291 1675 1508 1773; baseline -0.002 -20"><span class='ocrx_word' id='word_1_95' title='bbox 291 1693 467 1756; x_wconf 78' lang='lat' dir='ltr'><strong>Massones.</strong></span> <span class='ocrx_word' id='word_1_96' title='bbox 515 1691 567 1753; x_wconf 90' lang='lat' dir='ltr'><strong>De</strong></span> <span class='ocrx_word' id='word_1_97' title='bbox 600 1691 728 1772; x_wconf 87' lang='lat' dir='ltr'><strong>origine</strong></span> <span class='ocrx_word' id='word_1_98' title='bbox 752 1690 888 1752; x_wconf 90' lang='lat' dir='ltr'><strong>istarum</strong></span> <span class='ocrx_word' id='word_1_99' title='bbox 914 1690 1109 1752; x_wconf 86' lang='lat' dir='ltr'><strong>societatum</strong></span> <span class='ocrx_word' id='word_1_100' title='bbox 1138 1710 1319 1773; x_wconf 90' lang='lat' dir='ltr'><strong>earumque</strong></span> <span class='ocrx_word' id='word_1_101' title='bbox 1352 1687 1417 1750; x_wconf 89' lang='lat' dir='ltr'><strong>fine</strong></span> <span class='ocrx_word' id='word_1_102' title='bbox 1507 1675 1508 1684; x_wconf 33' lang='lat'>¹</span> 
     </span>
     <span class='ocr_line' id='line_1_14' title="bbox 292 1785 1416 1871; baseline -0.004 -19"><span class='ocrx_word' id='word_1_103' title='bbox 292 1789 414 1852; x_wconf 90' lang='lat' dir='ltr'><strong>multae</strong></span> <span class='ocrx_word' id='word_1_104' title='bbox 445 1789 652 1852; x_wconf 83' lang='lat' dir='ltr'><strong>narrationes</strong></span> <span class='ocrx_word' id='word_1_105' title='bbox 676 1788 778 1850; x_wconf 91' lang='lat' dir='ltr'><strong>variis</strong></span> <span class='ocrx_word' id='word_1_106' title='bbox 802 1785 1025 1870; x_wconf 84' lang='lat' dir='ltr'><strong>temporibus,</strong></span> <span class='ocrx_word' id='word_1_107' title='bbox 1058 1795 1090 1849; x_wconf 91' lang='lat' dir='ltr'><strong>et</strong></span> <span class='ocrx_word' id='word_1_108' title='bbox 1115 1785 1167 1849; x_wconf 87' lang='lat' dir='ltr'><strong>vel</strong></span> <span class='ocrx_word' id='word_1_109' title='bbox 1191 1786 1234 1850; x_wconf 91' lang='lat' dir='ltr'><strong>ab</strong></span> <span class='ocrx_word' id='word_1_110' title='bbox 1265 1787 1347 1871; x_wconf 89' lang='lat' dir='ltr'><strong>ipsis</strong></span> <span class='ocrx_word' id='word_1_111' title='bbox 1371 1807 1416 1849; x_wconf 89' lang='lat' dir='ltr'><strong>so·</strong></span> 
     </span>
     <span class='ocr_line' id='line_1_15' title="bbox 291 1882 1417 1970; baseline -0.003 -21"><span class='ocrx_word' id='word_1_112' title='bbox 291 1889 448 1950; x_wconf 90' lang='lat' dir='ltr'><strong>oietatum</strong></span> <span class='ocrx_word' id='word_1_113' title='bbox 473 1885 630 1949; x_wconf 91' lang='lat' dir='ltr'><strong>membris</strong></span> <span class='ocrx_word' id='word_1_114' title='bbox 658 1886 779 1970; x_wconf 88' lang='lat' dir='ltr'><strong>partim</strong></span> <span class='ocrx_word' id='word_1_115' title='bbox 804 1884 896 1965; x_wconf 93' lang='lat' dir='ltr'><strong>ficte,</strong></span> <span class='ocrx_word' id='word_1_116' title='bbox 928 1885 1048 1968; x_wconf 90' lang='lat' dir='ltr'><strong>partim</strong></span> <span class='ocrx_word' id='word_1_117' title='bbox 1073 1882 1250 1948; x_wconf 87' lang='lat' dir='ltr'><strong>bonafide</strong></span> <span class='ocrx_word' id='word_1_118' title='bbox 1284 1905 1417 1969; x_wconf 80' lang='lat' dir='ltr'><strong>sparsae</strong></span> 
     </span>
     <span class='ocr_line' id='line_1_16' title="bbox 291 1980 1418 2066; baseline -0.004 -18"><span class='ocrx_word' id='word_1_119' title='bbox 291 1993 377 2049; x_wconf 87' lang='lat' dir='ltr'><strong>sunt.</strong></span> <span class='ocrx_word' id='word_1_120' title='bbox 416 1985 514 2047; x_wconf 90' lang='lat' dir='ltr'><strong>Varii</strong></span> <span class='ocrx_word' id='word_1_121' title='bbox 539 1994 690 2047; x_wconf 91' lang='lat' dir='ltr'><strong>auctores</strong></span> <span class='ocrx_word' id='word_1_122' title='bbox 706 2004 862 2066; x_wconf 88' lang='lat' dir='ltr'><strong>magnam</strong></span> <span class='ocrx_word' id='word_1_123' title='bbox 878 1983 1111 2066; x_wconf 82' lang='lat' dir='ltr'><strong>antiquitatem</strong></span> <span class='ocrx_word' id='word_1_124' title='bbox 1133 1981 1185 2045; x_wconf 92' lang='lat' dir='ltr'><strong>his</strong></span> <span class='ocrx_word' id='word_1_125' title='bbox 1202 1980 1418 2045; x_wconf 88' lang='lat' dir='ltr'><strong>societatibus</strong></span> 
     </span>
     <span class='ocr_line' id='line_1_17' title="bbox 290 2077 1417 2166; baseline -0.005 -20"><span class='ocrx_word' id='word_1_126' title='bbox 290 2082 557 2166; x_wconf 89' lang='lat' dir='ltr'><strong>adscripserunt,</strong></span> <span class='ocrx_word' id='word_1_127' title='bbox 591 2083 637 2144; x_wconf 90' lang='lat' dir='ltr'><strong>ita</strong></span> <span class='ocrx_word' id='word_1_128' title='bbox 670 2089 707 2142; x_wconf 97' lang='lat' dir='ltr'><strong>ut</strong></span> <span class='ocrx_word' id='word_1_129' title='bbox 730 2079 773 2144; x_wconf 94' lang='lat' dir='ltr'><strong>ab</strong></span> <span class='ocrx_word' id='word_1_130' title='bbox 798 2081 943 2164; x_wconf 87' lang='lat' dir='ltr'><strong>antiquis</strong></span> <span class='ocrx_word' id='word_1_131' title='bbox 967 2079 1160 2165; x_wconf 81' lang='lat' dir='ltr'><strong>Aegyptiis,</strong></span> <span class='ocrx_word' id='word_1_132' title='bbox 1195 2077 1417 2144; x_wconf 86' lang='lat' dir='ltr'><strong>aSalomone</strong></span> 
     </span>
    </p>

    <p class='ocr_par' dir='ltr' id='par_1_5' title="bbox 232 2176 1509 2262">
     <span class='ocr_line' id='line_1_18' title="bbox 232 2176 1509 2262; baseline -0.004 -19"><span class='ocrx_word' id='word_1_133' title='bbox 232 2197 234 2205; x_wconf 91' lang='grc'><strong><em>·</em></strong></span> <span class='ocrx_word' id='word_1_134' title='bbox 289 2189 322 2243; x_wconf 91' lang='lat' dir='ltr'><strong>et</strong></span> <span class='ocrx_word' id='word_1_135' title='bbox 346 2181 576 2244; x_wconf 86' lang='lat' dir='ltr'><strong>caementariis</strong></span> <span class='ocrx_word' id='word_1_136' title='bbox 594 2178 840 2258; x_wconf 90' lang='lat' dir='ltr'><strong>Phoenicianis,</strong></span> <span class='ocrx_word' id='word_1_137' title='bbox 865 2177 918 2241; x_wconf 90' lang='lat' dir='ltr'><strong>vel</strong></span> <span class='ocrx_word' id='word_1_138' title='bbox 943 2178 1059 2241; x_wconf 88' lang='lat' dir='ltr'><strong>saltem</strong></span> <span class='ocrx_word' id='word_1_139' title='bbox 1083 2200 1103 2241; x_wconf 89' lang='lat' dir='ltr'><strong>a</strong></span> <span class='ocrx_word' id='word_1_140' title='bbox 1119 2176 1320 2262; x_wconf 86' lang='lat' dir='ltr'><strong>Templariis</strong></span> <span class='ocrx_word' id='word_1_141' title='bbox 1345 2187 1419 2261; x_wconf 87' lang='lat' dir='ltr'><strong>post</strong></span> <span class='ocrx_word' id='word_1_142' title='bbox 1508 2215 1509 2220; x_wconf 44' lang='lat'><strong>.</strong></span> 
     </span>
    </p>

    <p class='ocr_par' dir='ltr' id='par_1_6' title="bbox 271 2273 1419 2850">
     <span class='ocr_line' id='line_1_19' title="bbox 289 2273 1417 2360; baseline -0.004 -19"><span class='ocrx_word' id='word_1_143' title='bbox 289 2277 427 2343; x_wconf 89' lang='lat' dir='ltr'><strong>Ordinis</strong></span> <span class='ocrx_word' id='word_1_144' title='bbox 450 2278 705 2341; x_wconf 87' lang='lat' dir='ltr'><strong>exstinctionem</strong></span> <span class='ocrx_word' id='word_1_145' title='bbox 729 2275 961 2360; x_wconf 86' lang='lat' dir='ltr'><strong>superstitibus</strong></span> <span class='ocrx_word' id='word_1_146' title='bbox 991 2277 1087 2339; x_wconf 90' lang='lat' dir='ltr'><strong>initia</strong></span> <span class='ocrx_word' id='word_1_147' title='bbox 1110 2283 1308 2359; x_wconf 87' lang='lat' dir='ltr'><strong>repeterent.</strong></span> <span class='ocrx_word' id='word_1_148' title='bbox 1358 2273 1417 2338; x_wconf 91' lang='lat' dir='ltr'><strong>Ar·</strong></span> 
     </span>
     <span class='ocr_line' id='line_1_20' title="bbox 288 2372 1418 2460; baseline -0.003 -22"><span class='ocrx_word' id='word_1_149' title='bbox 288 2396 373 2438; x_wconf 85' lang='lat' dir='ltr'><strong>cana</strong></span> <span class='ocrx_word' id='word_1_150' title='bbox 397 2396 527 2460; x_wconf 92' lang='lat' dir='ltr'><strong>quoque</strong></span> <span class='ocrx_word' id='word_1_151' title='bbox 551 2372 732 2458; x_wconf 90' lang='lat' dir='ltr'><strong>singularia</strong></span> <span class='ocrx_word' id='word_1_152' title='bbox 756 2372 799 2436; x_wconf 90' lang='lat' dir='ltr'><strong>ab</strong></span> <span class='ocrx_word' id='word_1_153' title='bbox 825 2372 875 2436; x_wconf 90' lang='lat' dir='ltr'><strong>his</strong></span> <span class='ocrx_word' id='word_1_154' title='bbox 900 2373 1114 2436; x_wconf 86' lang='lat' dir='ltr'><strong>societatibus</strong></span> <span class='ocrx_word' id='word_1_155' title='bbox 1138 2373 1331 2436; x_wconf 89' lang='lat' dir='ltr'><strong>conservari</strong></span> <span class='ocrx_word' id='word_1_156' title='bbox 1352 2394 1418 2435; x_wconf 90' lang='lat' dir='ltr'><strong>cre-</strong></span> 
     </span>
     <span class='ocr_line' id='line_1_21' title="bbox 289 2469 1419 2557; baseline -0.002 -22"><span class='ocrx_word' id='word_1_157' title='bbox 289 2472 359 2536; x_wconf 90' lang='lat' dir='ltr'><strong>dita</strong></span> <span class='ocrx_word' id='word_1_158' title='bbox 383 2483 468 2557; x_wconf 90' lang='lat' dir='ltr'><strong>sunt,</strong></span> <span class='ocrx_word' id='word_1_159' title='bbox 493 2471 547 2535; x_wconf 89' lang='lat' dir='ltr'><strong>vel</strong></span> <span class='ocrx_word' id='word_1_160' title='bbox 572 2472 739 2553; x_wconf 89' lang='lat' dir='ltr'><strong>historica,</strong></span> <span class='ocrx_word' id='word_1_161' title='bbox 765 2480 801 2534; x_wconf 91' lang='lat' dir='ltr'><strong>ut</strong></span> <span class='ocrx_word' id='word_1_162' title='bbox 825 2473 1029 2535; x_wconf 88' lang='lat' dir='ltr'><strong>continuatio</strong></span> <span class='ocrx_word' id='word_1_163' title='bbox 1055 2469 1191 2535; x_wconf 88' lang='lat' dir='ltr'><strong>Ordinis</strong></span> <span class='ocrx_word' id='word_1_164' title='bbox 1212 2469 1419 2554; x_wconf 87' lang='lat' dir='ltr'><strong>Templario·</strong></span> 
     </span>
     <span class='ocr_line' id='line_1_22' title="bbox 271 2568 1419 2655; baseline -0.006 -17"><span class='ocrx_word' id='word_1_165' title='bbox 271 2592 362 2638; x_wconf 82' lang='grc'>,111111</span> <span class='ocrx_word' id='word_1_166' title='bbox 371 2620 379 2650; x_wconf 84' lang='grc'>,</span> <span class='ocrx_word' id='word_1_167' title='bbox 412 2569 466 2633; x_wconf 90' lang='lat' dir='ltr'><strong>vel</strong></span> <span class='ocrx_word' id='word_1_168' title='bbox 497 2570 637 2655; x_wconf 87' lang='lat' dir='ltr'><strong>physica</strong></span> <span class='ocrx_word' id='word_1_169' title='bbox 668 2591 698 2636; x_wconf 87' lang='lat' dir='ltr'><strong>v.</strong></span> <span class='ocrx_word' id='word_1_170' title='bbox 723 2590 755 2653; x_wconf 90' lang='lat' dir='ltr'><strong>g.</strong></span> <span class='ocrx_word' id='word_1_171' title='bbox 787 2593 839 2634; x_wconf 92' lang='lat' dir='ltr'><strong>ars</strong></span> <span class='ocrx_word' id='word_1_172' title='bbox 863 2569 1104 2653; x_wconf 87' lang='lat' dir='ltr'><strong>alchymistica.</strong></span> <span class='ocrx_word' id='word_1_173' title='bbox 1150 2569 1198 2633; x_wconf 92' lang='lat' dir='ltr'><strong>Re</strong></span> <span class='ocrx_word' id='word_1_174' title='bbox 1229 2568 1315 2633; x_wconf 92' lang='lat' dir='ltr'><strong>bene</strong></span> <span class='ocrx_word' id='word_1_175' title='bbox 1347 2591 1419 2654; x_wconf 91' lang='lat' dir='ltr'><strong>per·</strong></span> 
     </span>
     <span class='ocr_line' id='line_1_23' title="bbox 289 2665 1418 2753; baseline -0.002 -22"><span class='ocrx_word' id='word_1_176' title='bbox 289 2691 401 2753; x_wconf 89' lang='lat' dir='ltr'><strong>pensa,</strong></span> <span class='ocrx_word' id='word_1_177' title='bbox 427 2667 510 2732; x_wconf 88' lang='lat' dir='ltr'><strong>haec</strong></span> <span class='ocrx_word' id='word_1_178' title='bbox 534 2667 575 2732; x_wconf 93' lang='lat' dir='ltr'><strong>de</strong></span> <span class='ocrx_word' id='word_1_179' title='bbox 599 2668 729 2732; x_wconf 90' lang='lat' dir='ltr'><strong>illarum</strong></span> <span class='ocrx_word' id='word_1_180' title='bbox 755 2669 949 2731; x_wconf 88' lang='lat' dir='ltr'><strong>societatum</strong></span> <span class='ocrx_word' id='word_1_181' title='bbox 974 2669 1101 2751; x_wconf 90' lang='lat' dir='ltr'><strong>origine</strong></span> <span class='ocrx_word' id='word_1_182' title='bbox 1125 2677 1157 2730; x_wconf 90' lang='lat' dir='ltr'><strong>et</strong></span> <span class='ocrx_word' id='word_1_183' title='bbox 1178 2665 1290 2730; x_wconf 90' lang='lat' dir='ltr'><strong>indole</strong></span> <span class='ocrx_word' id='word_1_184' title='bbox 1315 2668 1418 2730; x_wconf 86' lang='lat' dir='ltr'><strong>statui</strong></span> 
     </span>
     <span class='ocr_line' id='line_1_24' title="bbox 287 2766 1026 2850; baseline -0.005 -20"><span class='ocrx_word' id='word_1_185' title='bbox 287 2787 383 2850; x_wconf 90' lang='lat' dir='ltr'><strong>posse</strong></span> <span class='ocrx_word' id='word_1_186' title='bbox 407 2766 574 2830; x_wconf 87' lang='lat' dir='ltr'><strong>videntur.</strong></span> <span class='ocrx_word' id='word_1_187' title='bbox 1024 2833 1026 2837; x_wconf 12' lang='lat' dir='ltr'>y</span> 
     </span>
    </p>

    <p class='ocr_par' dir='ltr' id='par_1_7' title="bbox 285 2863 1418 3731">
     <span class='ocr_line' id='line_1_25' title="bbox 376 2863 1418 2948; baseline -0.001 -22"><span class='ocrx_word' id='word_1_188' title='bbox 376 2864 428 2928; x_wconf 80' lang='lat'><strong>47.</strong></span> <span class='ocrx_word' id='word_1_189' title='bbox 476 2863 602 2927; x_wconf 87' lang='lat' dir='ltr'><strong>Verum</strong></span> <span class='ocrx_word' id='word_1_190' title='bbox 633 2885 699 2927; x_wconf 89' lang='lat' dir='ltr'><strong>non</strong></span> <span class='ocrx_word' id='word_1_191' title='bbox 725 2873 790 2944; x_wconf 91' lang='lat' dir='ltr'><strong>cst,</strong></span> <span class='ocrx_word' id='word_1_192' title='bbox 824 2885 1040 2948; x_wconf 89' lang='lat' dir='ltr'><strong>permagnam</strong></span> <span class='ocrx_word' id='word_1_193' title='bbox 1073 2863 1306 2947; x_wconf 89' lang='lat' dir='ltr'><strong>antiquitatem</strong></span> <span class='ocrx_word' id='word_1_194' title='bbox 1332 2863 1418 2927; x_wconf 89' lang='lat' dir='ltr'><strong>Mas-</strong></span> 
     </span>
     <span class='ocr_line' id='line_1_26' title="bbox 287 2961 1417 3045; baseline -0.002 -21"><span class='ocrx_word' id='word_1_195' title='bbox 287 2983 405 3024; x_wconf 88' lang='lat' dir='ltr'><strong>sonum</strong></span> <span class='ocrx_word' id='word_1_196' title='bbox 437 2961 650 3026; x_wconf 89' lang='lat' dir='ltr'><strong>societatibus</strong></span> <span class='ocrx_word' id='word_1_197' title='bbox 683 2963 871 3027; x_wconf 89' lang='lat' dir='ltr'><strong>convenire.</strong></span> <span class='ocrx_word' id='word_1_198' title='bbox 918 2961 1117 3025; x_wconf 90' lang='lat' dir='ltr'><strong>Prodierunt</strong></span> <span class='ocrx_word' id='word_1_199' title='bbox 1147 2962 1239 3045; x_wconf 85' lang='lat' dir='ltr'><strong>ipsae</strong></span> <span class='ocrx_word' id='word_1_200' title='bbox 1271 2982 1289 3023; x_wconf 90' lang='lat' dir='ltr'><strong>e</strong></span> <span class='ocrx_word' id='word_1_201' title='bbox 1315 2963 1417 3024; x_wconf 87' lang='lat' dir='ltr'><strong>socie·</strong></span> 
     </span>
     <span class='ocr_line' id='line_1_27' title="bbox 286 3057 1417 3143; baseline 0 -22"><span class='ocrx_word' id='word_1_202' title='bbox 286 3059 427 3141; x_wconf 90' lang='lat' dir='ltr'><strong>tatibus,</strong></span> <span class='ocrx_word' id='word_1_203' title='bbox 461 3059 560 3142; x_wconf 91' lang='lat' dir='ltr'><strong>gildis</strong></span> <span class='ocrx_word' id='word_1_204' title='bbox 592 3082 649 3124; x_wconf 90' lang='lat' dir='ltr'><strong>seu</strong></span> <span class='ocrx_word' id='word_1_205' title='bbox 674 3059 821 3142; x_wconf 87' lang='lat' dir='ltr'><strong>collegiis</strong></span> <span class='ocrx_word' id='word_1_206' title='bbox 850 3069 1053 3122; x_wconf 85' lang='lat' dir='ltr'><strong>moratorum</strong></span> <span class='ocrx_word' id='word_1_207' title='bbox 1087 3060 1158 3122; x_wconf 91' lang='lat' dir='ltr'><strong>sive</strong></span> <span class='ocrx_word' id='word_1_208' title='bbox 1190 3057 1417 3143; x_wconf 86' lang='lat' dir='ltr'><strong>lapicidarum</strong></span> 
     </span>
     <span class='ocr_line' id='line_1_28' title="bbox 287 3156 1417 3242; baseline 0 -23"><span class='ocrx_word' id='word_1_209' title='bbox 287 3156 388 3220; x_wconf 92' lang='lat' dir='ltr'><strong>medii</strong></span> <span class='ocrx_word' id='word_1_210' title='bbox 413 3160 504 3240; x_wconf 88' lang='lat' dir='ltr'><strong>aevi,</strong></span> <span class='ocrx_word' id='word_1_211' title='bbox 538 3158 722 3242; x_wconf 84' lang='lat' dir='ltr'><strong>quiquam</strong></span> <span class='ocrx_word' id='word_1_212' title='bbox 747 3159 782 3220; x_wconf 90' lang='lat' dir='ltr'><strong>in</strong></span> <span class='ocrx_word' id='word_1_213' title='bbox 806 3156 1037 3220; x_wconf 87' lang='lat' dir='ltr'><strong>aedificatione</strong></span> <span class='ocrx_word' id='word_1_214' title='bbox 1061 3165 1094 3220; x_wconf 92' lang='lat' dir='ltr'><strong>et</strong></span> <span class='ocrx_word' id='word_1_215' title='bbox 1117 3167 1236 3220; x_wconf 89' lang='lat' dir='ltr'><strong>ornatu</strong></span> <span class='ocrx_word' id='word_1_216' title='bbox 1260 3156 1417 3220; x_wconf 88' lang='lat' dir='ltr'><strong>ecclesia-</strong></span> 
     </span>
     <span class='ocr_line' id='line_1_29' title="bbox 285 3255 1416 3340; baseline -0.002 -22"><span class='ocrx_word' id='word_1_217' title='bbox 285 3276 359 3318; x_wconf 89' lang='lat' dir='ltr'><strong>rum</strong></span> <span class='ocrx_word' id='word_1_218' title='bbox 384 3265 643 3340; x_wconf 88' lang='lat' dir='ltr'><strong>occuparentur,</strong></span> <span class='ocrx_word' id='word_1_219' title='bbox 679 3257 764 3319; x_wconf 90' lang='lat' dir='ltr'><strong>inter</strong></span> <span class='ocrx_word' id='word_1_220' title='bbox 788 3277 858 3319; x_wconf 89' lang='lat' dir='ltr'><strong>sese</strong></span> <span class='ocrx_word' id='word_1_221' title='bbox 882 3255 924 3319; x_wconf 89' lang='lat' dir='ltr'><strong>ad</strong></span> <span class='ocrx_word' id='word_1_222' title='bbox 949 3257 1189 3340; x_wconf 90' lang='lat' dir='ltr'><strong>promotionem</strong></span> <span class='ocrx_word' id='word_1_223' title='bbox 1222 3256 1303 3319; x_wconf 88' lang='lat' dir='ltr'><strong>artis</strong></span> <span class='ocrx_word' id='word_1_224' title='bbox 1335 3275 1416 3317; x_wconf 89' lang='lat' dir='ltr'><strong>suae</strong></span> 
     </span>
     <span class='ocr_line' id='line_1_30' title="bbox 285 3352 1415 3438; baseline -0.001 -23"><span class='ocrx_word' id='word_1_225' title='bbox 285 3352 485 3438; x_wconf 90' lang='lat' dir='ltr'><strong>sculptoriae</strong></span> <span class='ocrx_word' id='word_1_226' title='bbox 508 3363 540 3416; x_wconf 93' lang='lat' dir='ltr'><strong>et</strong></span> <span class='ocrx_word' id='word_1_227' title='bbox 561 3352 805 3416; x_wconf 89' lang='lat' dir='ltr'><strong>architecturae</strong></span> <span class='ocrx_word' id='word_1_228' title='bbox 825 3352 963 3436; x_wconf 90' lang='lat' dir='ltr'><strong>collegia</strong></span> <span class='ocrx_word' id='word_1_229' title='bbox 980 3354 1229 3417; x_wconf 87' lang='lat' dir='ltr'><strong>constituerant.</strong></span> <span class='ocrx_word' id='word_1_230' title='bbox 1270 3353 1317 3415; x_wconf 89' lang='lat' dir='ltr'><strong>At</strong></span> <span class='ocrx_word' id='word_1_231' title='bbox 1334 3352 1415 3415; x_wconf 92' lang='lat' dir='ltr'><strong>dum</strong></span> 
     </span>
     <span class='ocr_line' id='line_1_31' title="bbox 285 3451 1414 3537; baseline -0.001 -24"><span class='ocrx_word' id='word_1_232' title='bbox 285 3453 348 3514; x_wconf 90' lang='lat' dir='ltr'><strong>ista</strong></span> <span class='ocrx_word' id='word_1_233' title='bbox 376 3451 515 3536; x_wconf 89' lang='lat' dir='ltr'><strong>collegia</strong></span> <span class='ocrx_word' id='word_1_234' title='bbox 547 3451 730 3516; x_wconf 87' lang='lat' dir='ltr'><strong>christiana</strong></span> <span class='ocrx_word' id='word_1_235' title='bbox 763 3451 907 3537; x_wconf 91' lang='lat' dir='ltr'><strong>quadam</strong></span> <span class='ocrx_word' id='word_1_236' title='bbox 941 3453 1063 3536; x_wconf 90' lang='lat' dir='ltr'><strong>pietate</strong></span> <span class='ocrx_word' id='word_1_237' title='bbox 1098 3472 1220 3534; x_wconf 88' lang='lat' dir='ltr'><strong>magna</strong></span> <span class='ocrx_word' id='word_1_238' title='bbox 1243 3473 1288 3513; x_wconf 85' lang='lat' dir='ltr'><strong>ex</strong></span> <span class='ocrx_word' id='word_1_239' title='bbox 1321 3459 1414 3535; x_wconf 90' lang='lat' dir='ltr'><strong>parte</strong></span> 
     </span>
     <span class='ocr_line' id='line_1_32' title="bbox 286 3549 1415 3634; baseline -0.003 -21"><span class='ocrx_word' id='word_1_240' title='bbox 286 3551 483 3631; x_wconf 90' lang='lat' dir='ltr'><strong>niterentur,</strong></span> <span class='ocrx_word' id='word_1_241' title='bbox 514 3551 686 3613; x_wconf 89' lang='lat' dir='ltr'><strong>societates</strong></span> <span class='ocrx_word' id='word_1_242' title='bbox 711 3549 1048 3613; x_wconf 80' lang='lat' dir='ltr'><strong>Francomuratorum</strong></span> <span class='ocrx_word' id='word_1_243' title='bbox 1073 3571 1145 3612; x_wconf 88' lang='lat' dir='ltr'><strong>eam</strong></span> <span class='ocrx_word' id='word_1_244' title='bbox 1169 3549 1358 3634; x_wconf 89' lang='lat' dir='ltr'><strong>rejecerunt</strong></span> <span class='ocrx_word' id='word_1_245' title='bbox 1382 3558 1415 3610; x_wconf 91' lang='lat' dir='ltr'><strong>et</strong></span> 
     </span>
     <span class='ocr_line' id='line_1_33' title="bbox 286 3646 1375 3731; baseline 0.002 -23"><span class='ocrx_word' id='word_1_246' title='bbox 286 3646 364 3709; x_wconf 91' lang='lat' dir='ltr'><strong>inde</strong></span> <span class='ocrx_word' id='word_1_247' title='bbox 388 3646 430 3710; x_wconf 91' lang='lat' dir='ltr'><strong>ab</strong></span> <span class='ocrx_word' id='word_1_248' title='bbox 455 3647 549 3710; x_wconf 92' lang='lat' dir='ltr'><strong>initio</strong></span> <span class='ocrx_word' id='word_1_249' title='bbox 575 3648 675 3710; x_wconf 91' lang='lat' dir='ltr'><strong>etiam</strong></span> <span class='ocrx_word' id='word_1_250' title='bbox 699 3646 798 3731; x_wconf 92' lang='lat' dir='ltr'><strong>plane</strong></span> <span class='ocrx_word' id='word_1_251' title='bbox 822 3647 903 3712; x_wconf 88' lang='lat' dir='ltr'><strong>alios</strong></span> <span class='ocrx_word' id='word_1_252' title='bbox 927 3647 1009 3711; x_wconf 88' lang='lat' dir='ltr'><strong>fines</strong></span> <span class='ocrx_word' id='word_1_253' title='bbox 1033 3646 1097 3710; x_wconf 86' lang='lat' dir='ltr'><strong>sibi</strong></span> <span class='ocrx_word' id='word_1_254' title='bbox 1121 3655 1375 3731; x_wconf 90' lang='lat' dir='ltr'><strong>proposuerunt.</strong></span> 
     </span>
    </p>

    <p class='ocr_par' dir='ltr' id='par_1_8' title="bbox 285 3743 1413 4221">
     <span class='ocr_line' id='line_1_34' title="bbox 374 3743 1413 3829; baseline 0.001 -24"><span class='ocrx_word' id='word_1_255' title='bbox 374 3743 454 3807; x_wconf 91' lang='lat' dir='ltr'><strong>Post</strong></span> <span class='ocrx_word' id='word_1_256' title='bbox 476 3752 625 3829; x_wconf 89' lang='lat' dir='ltr'><strong>tempora</strong></span> <span class='ocrx_word' id='word_1_257' title='bbox 656 3745 1026 3829; x_wconf 89' lang='lat' dir='ltr'><strong>pseudoreformationis</strong></span> <span class='ocrx_word' id='word_1_258' title='bbox 1050 3745 1195 3808; x_wconf 91' lang='lat' dir='ltr'><strong>studium</strong></span> <span class='ocrx_word' id='word_1_259' title='bbox 1225 3746 1349 3808; x_wconf 90' lang='lat' dir='ltr'><strong>artium</strong></span> <span class='ocrx_word' id='word_1_260' title='bbox 1381 3755 1413 3806; x_wconf 93' lang='lat' dir='ltr'><strong>et</strong></span> 
     </span>
     <span class='ocr_line' id='line_1_35' title="bbox 285 3840 1410 3926; baseline 0.001 -23"><span class='ocrx_word' id='word_1_261' title='bbox 285 3840 527 3905; x_wconf 88' lang='lat' dir='ltr'><strong>architecturae</strong></span> <span class='ocrx_word' id='word_1_262' title='bbox 551 3842 649 3906; x_wconf 87' lang='lat' dir='ltr'><strong>valde</strong></span> <span class='ocrx_word' id='word_1_263' title='bbox 683 3843 893 3926; x_wconf 90' lang='lat' dir='ltr'><strong>decreverat,</strong></span> <span class='ocrx_word' id='word_1_264' title='bbox 930 3852 962 3906; x_wconf 95' lang='lat' dir='ltr'><strong>et</strong></span> <span class='ocrx_word' id='word_1_265' title='bbox 995 3842 1133 3925; x_wconf 91' lang='lat' dir='ltr'><strong>collegia</strong></span> <span class='ocrx_word' id='word_1_266' title='bbox 1165 3854 1265 3906; x_wconf 90' lang='lat' dir='ltr'><strong>antea</strong></span> <span class='ocrx_word' id='word_1_267' title='bbox 1294 3842 1410 3906; x_wconf 91' lang='lat' dir='ltr'><strong>florida</strong></span> 
     </span>
     <span class='ocr_line' id='line_1_36' title="bbox 286 3939 1408 4025; baseline 0.002 -25"><span class='ocrx_word' id='word_1_268' title='bbox 286 3947 488 4002; x_wconf 86' lang='lat' dir='ltr'><strong>muratorum</strong></span> <span class='ocrx_word' id='word_1_269' title='bbox 520 3942 627 4024; x_wconf 90' lang='lat' dir='ltr'><strong>magis</strong></span> <span class='ocrx_word' id='word_1_270' title='bbox 658 3942 830 4025; x_wconf 89' lang='lat' dir='ltr'><strong>magisque</strong></span> <span class='ocrx_word' id='word_1_271' title='bbox 866 3939 1126 4005; x_wconf 88' lang='lat' dir='ltr'><strong>collabebantur.</strong></span> <span class='ocrx_word' id='word_1_272' title='bbox 1181 3940 1266 4006; x_wconf 91' lang='lat' dir='ltr'><strong>lnde</strong></span> <span class='ocrx_word' id='word_1_273' title='bbox 1296 3961 1408 4025; x_wconf 90' lang='lat' dir='ltr'><strong>prove-</strong></span> 
     </span>
     <span class='ocr_line' id='line_1_37' title="bbox 286 4037 1407 4123; baseline 0.001 -25"><span class='ocrx_word' id='word_1_274' title='bbox 286 4037 373 4099; x_wconf 88' lang='lat' dir='ltr'><strong>nisse</strong></span> <span class='ocrx_word' id='word_1_275' title='bbox 397 4037 546 4122; x_wconf 88' lang='lat' dir='ltr'><strong>videtur,</strong></span> <span class='ocrx_word' id='word_1_276' title='bbox 580 4047 617 4101; x_wconf 90' lang='lat' dir='ltr'><strong>ut</strong></span> <span class='ocrx_word' id='word_1_277' title='bbox 639 4047 710 4102; x_wconf 90' lang='lat' dir='ltr'><strong>tum</strong></span> <span class='ocrx_word' id='word_1_278' title='bbox 735 4040 769 4102; x_wconf 92' lang='lat' dir='ltr'><strong>in</strong></span> <span class='ocrx_word' id='word_1_279' title='bbox 795 4038 919 4123; x_wconf 87' lang='lat' dir='ltr'><strong>Anglia</strong></span> <span class='ocrx_word' id='word_1_280' title='bbox 949 4049 1020 4101; x_wconf 90' lang='lat' dir='ltr'><strong>tum</strong></span> <span class='ocrx_word' id='word_1_281' title='bbox 1045 4040 1079 4102; x_wconf 89' lang='lat' dir='ltr'><strong>in</strong></span> <span class='ocrx_word' id='word_1_282' title='bbox 1104 4037 1287 4104; x_wconf 82' lang='lat' dir='ltr'><strong>Germania</strong></span> <span class='ocrx_word' id='word_1_283' title='bbox 1315 4040 1407 4102; x_wconf 90' lang='lat' dir='ltr'><strong>initio</strong></span> 
     </span>
     <span class='ocr_line' id='line_1_38' title="bbox 285 4133 1406 4221; baseline 0.002 -25"><span class='ocrx_word' id='word_1_284' title='bbox 285 4133 408 4196; x_wconf 90' lang='lat' dir='ltr'><strong>saeculi</strong></span> <span class='ocrx_word' id='word_1_285' title='bbox 443 4135 563 4199; x_wconf 90' lang='lat' dir='ltr'><strong>decimi</strong></span> <span class='ocrx_word' id='word_1_286' title='bbox 588 4137 736 4221; x_wconf 92' lang='lat' dir='ltr'><strong>septimi,</strong></span> <span class='ocrx_word' id='word_1_287' title='bbox 771 4138 806 4200; x_wconf 92' lang='lat' dir='ltr'><strong>in</strong></span> <span class='ocrx_word' id='word_1_288' title='bbox 831 4136 968 4220; x_wconf 91' lang='lat' dir='ltr'><strong>collegia</strong></span> <span class='ocrx_word' id='word_1_289' title='bbox 992 4137 1071 4218; x_wconf 88' lang='lat' dir='ltr'><strong>ista,</strong></span> <span class='ocrx_word' id='word_1_290' title='bbox 1105 4139 1263 4200; x_wconf 73' lang='lat' dir='ltr'><strong>ut‘ruina</strong></span> <span class='ocrx_word' id='word_1_291' title='bbox 1296 4157 1406 4200; x_wconf 90' lang='lat' dir='ltr'><strong>eorum</strong></span> 
     </span>
    </p>

    <p class='ocr_par' dir='ltr' id='par_1_9' title="bbox 245 4233 1407 4320">
     <span class='ocr_line' id='line_1_39' title="bbox 245 4233 1407 4320; baseline 0.003 -27"><span class='ocrx_word' id='word_1_292' title='bbox 245 4239 246 4244; x_wconf 76' lang='grc'>’</span> <span class='ocrx_word' id='word_1_293' title='bbox 285 4240 559 4315; x_wconf 88' lang='lat' dir='ltr'><strong>praeverteretur,</strong></span> <span class='ocrx_word' id='word_1_294' title='bbox 584 4235 683 4297; x_wconf 90' lang='lat' dir='ltr'><strong>etiam</strong></span> <span class='ocrx_word' id='word_1_295' title='bbox 708 4233 790 4298; x_wconf 90' lang='lat' dir='ltr'><strong>tales</strong></span> <span class='ocrx_word' id='word_1_296' title='bbox 814 4234 1068 4298; x_wconf 90' lang='lat' dir='ltr'><strong>admitterentur</strong></span> <span class='ocrx_word' id='word_1_297' title='bbox 1091 4235 1147 4320; x_wconf 92' lang='lat' dir='ltr'><strong>qui</strong></span> <span class='ocrx_word' id='word_1_298' title='bbox 1172 4235 1235 4297; x_wconf 90' lang='lat' dir='ltr'><strong>arti</strong></span> <span class='ocrx_word' id='word_1_299' title='bbox 1261 4255 1407 4298; x_wconf 91' lang='lat' dir='ltr'><strong>caemen-</strong></span> 
     </span>
    </p>
   </div>
   <div class='ocr_carea' id='block_1_3' title="bbox 0 0 1514 4908">
    <p class='ocr_par' dir='ltr' id='par_1_10' title="bbox 0 0 1514 4908">
     <span class='ocr_line' id='line_1_40' title="bbox 0 0 1514 4908; baseline 0 2"><span class='ocrx_word' id='word_1_300' title='bbox 0 0 1514 4908; x_wconf 95' lang='lat' dir='ltr'><strong> </strong></span> 
     </span>
    </p>
   </div>
  </div>
 </body>
</html>
