3336 4908
317 453 356 505 De
374 451 540 505 Jansenismi
559 449 665 517 origine
683 454 713 503 et
731 464 883 517 progressu.
1109 449 1161 505 237

55 599 125 659 mais
149 619 184 660 ce
209 618 250 660 ne
275 606 348 660 sont
370 594 444 680 plus
467 595 514 659 les
540 599 662 657 memes
687 597 805 657 caux.“
852 590 1018 676 Opposuit
1041 616 1064 658 s.
1081 594 1161 656 Vin·

54 696 177 775 centius,
210 693 395 757 Ecclesiam
424 693 524 776 juxta
547 693 685 780 Domini
716 691 879 775 promissa
910 712 1009 775 super
1032 701 1160 775 petram

52 791 247 855 aedificatam
279 801 312 853 et
335 789 457 854 Christi
487 811 641 874 sponsam
674 811 754 863 esse,
788 787 843 851 sed
869 786 1082 871 Sancyranus
1114 811 1159 852 re-

51 890 186 972 spondit:
218 888 269 971 „ll
300 898 349 951 est
380 890 451 951 vrai
484 909 547 972 que
571 885 797 951 Je'sus-Cbrist
820 908 839 947 a
863 884 931 947 bati
964 907 1023 949 son
1049 885 1159 969 Eglise

51 1010 96 1049 sur
116 987 146 1050 la
170 988 288 1070 pierre,
314 987 396 1049 mais
421 985 443 1048 il
468 994 517 1048 est
538 985 609 1046 vrai
624 985 720 1046 aussi
745 981 856 1068 qu'c‘ly
873 1005 894 1044 a
908 1005 952 1045 ua
969 993 1066 1069 tempo
1075 1007 1161 1069 pour

50 1084 144 1167 idqior
168 1095 197 1147 ot
219 1109 264 1148 ua
288 1094 386 1170 tempo
403 1106 490 1168 pour
513 1082 671 1160 eerraira
696 1080 808 1144 c'etait
824 1101 883 1142 son
908 1082 1031 1164 epouse
1055 1093 1159 1146 autre·

48 1182 109 1261 fois,
135 1183 438 1267 maintenante’ost
459 1203 520 1243 aaa
545 1177 690 1242 adultere
714 1189 743 1241 et
766 1202 827 1241 uae
837 1180 1022 1262 prostituta,
1048 1203 1085 1243 ce
1102 1182 1159 1265 qui

47 1279 61 1341 l’
82 1303 99 1342 a
122 1280 232 1364 oblige
263 1280 304 1343 de
328 1278 360 1358 la
382 1278 538 1371 repudicr
560 1288 593 1340 et
617 1276 657 1340 de
683 1277 750 1340 s'en
773 1277 855 1339 faire
886 1299 951 1340 une
983 1288 1075 1340 autre
1100 1280 1156 1363 qui

47 1376 83 1439 lui
121 1380 183 1441 soit
221 1377 352 1441 fidelef‘
407 1375 438 1440 S.
474 1376 670 1439 Vincentius
709 1377 771 1459 ipsi
807 1376 1045 1460 improperavit
1080 1388 1159 1440 tunc

47 1473 266 1539 vehementius
290 1477 511 1557 arrogantiam
536 1496 630 1537 suam
655 1482 687 1535 et
711 1495 826 1537 sensus
854 1495 1036 1556 perversos,
1070 1496 1155 1537 cum·

46 1596 98 1657 que
120 1573 265 1659 reliquit.
314 1572 426 1652 Quum
450 1572 493 1635 ad
518 1593 594 1634 eum
618 1572 737 1634 iterum
760 1571 921 1650 rediisset,
948 1592 1009 1634 nec
1033 1571 1075 1634 ad
1093 1593 1157 1634 me-

45 1669 146 1735 liorem
171 1671 303 1752 frugem
328 1691 404 1734 eum
429 1669 609 1754 perducere
626 1680 745 1752 posset,
771 1669 893 1732 exinde
918 1667 1023 1731 noluit
1046 1671 1156 1732 amici·

45 1770 113 1831 tiam
146 1768 335 1852 Sancyrani
372 1767 492 1847 colere,
532 1768 597 1829 imo
631 1766 704 1829 aliis
737 1788 861 1829 errores
895 1766 996 1850 hujus
1027 1768 1156 1829 sectarii

45 1867 307 1930 communicavit.
327 1868 337 1947 )

121 1976 172 2038 24.
225 1973 338 2052 Quum
370 1994 411 2035 ex
436 1994 502 2034 une
526 1983 619 2055 parte
644 1993 662 2032 a
687 1970 845 2053 Vergerio
870 1971 941 2054 jam
973 1970 1158 2054 complures
1192 1975 1314 2016 ⁰¹¹⁸t0ffi²0

43 2091 116 2152 quae
140 2073 301 2155 pietatem
326 2069 539 2133 sectabantur
554 2089 723 2152 personae,
748 2080 819 2131 tum
837 2069 900 2130 viri
917 2077 986 2142 tum
1004 2068 1157 2150 feminae,
1175 2040 1326 2090 mmmm*

43 2168 280 2247 seducerentur,
306 2190 347 2230 ex
371 2166 473 2231 altera
497 2187 576 2228 vero
600 2176 693 2249 parte
716 2166 953 2250 frequentiores
977 2164 1094 2228 fierent
1118 2165 1157 2229 de

44 2265 104 2348 ejus
127 2269 295 2352 perversis
320 2266 479 2328 doctrinis
503 2287 543 2327 ac
560 2264 601 2327 de
617 2262 887 2326 innovationibus
908 2264 978 2346 ejus
995 2262 1156 2347 querelae,

43 2364 166 2428 tandem
195 2362 382 2428 Cardinalis
407 2362 446 2425 de
471 2361 644 2425 Richelieu
668 2361 722 2423 die
749 2361 807 2425 15⁰
823 2362 891 2424 Mai
915 2383 943 2425 a.
972 2360 1057 2423 1538
1082 2382 1157 2424 eum

44 2460 71 2522 in
107 2461 293 2525 custodiam
339 2462 424 2523 mitti
457 2461 557 2544 jussit
599 2461 634 2522 in
673 2457 805 2522 castello
844 2459 1043 2522 Vincennes.
1105 2457 1156 2521 Ibi

43 2579 207 2639 processus
243 2570 357 2622 contra
387 2560 495 2642 ipsum
532 2559 700 2621 institutus
738 2567 795 2635 est,
835 2579 874 2619 ac
909 2555 1061 2619 detentus
1095 2555 1158 2618 fuit

43 2675 135 2740 usque
185 2655 228 2719 ad
270 2666 410 2718 mortem
449 2653 644 2718 Cardinalis.
699 2654 936 2716 Verumtamen
980 2655 1157 2716 auctoritas

43 2753 103 2835 ejus
136 2753 229 2838 apud
260 2774 416 2837 sequaces
440 2751 586 2836 aliosque
612 2752 689 2814 inde
714 2772 779 2815 non
803 2752 868 2814 fuit
891 2750 1064 2828 diminuta,
1100 2750 1155 2814 sed

42 2860 139 2915 aucta.

121 2949 175 3013 25.
202 2947 339 3011 Interim
356 2947 533 3011 Joaooac'uo
550 2947 693 3011 Lovanii
717 2945 934 3011 adlaborabat
951 2945 1156 3010 conficiendo

42 3066 91 3107 suo
123 3046 319 3131 Augustino,
358 3044 521 3130 simulque
553 3066 708 3128 magnam
739 3045 860 3108 famam
901 3043 1062 3128 paulatim
1094 3043 1156 3107 sibi

43 3143 253 3227 comparavit.
292 3141 403 3221 Quum
421 3144 516 3205 initio
541 3142 702 3225 gubernio
719 3143 901 3226 Hispanico
920 3143 1029 3205 minus
1045 3151 1156 3225 gratus

43 3251 128 3321 esset,
155 3249 320 3324 postremo
336 3241 484 3303 favorem
510 3240 572 3303 sibi
597 3242 784 3325 acquisivit,
811 3240 943 3325 quando
968 3239 1156 3325 compulsus

42 3335 78 3398 ab
101 3339 230 3417 amicis,
256 3348 287 3400 et
311 3337 444 3422 adjutus
468 3339 517 3400 uti
543 3338 675 3401 videtur
698 3361 717 3402 a
740 3338 866 3401 Rosaeo
892 3337 1027 3423 (Roone)
1053 3360 1155 3401 secre-

42 3434 125 3498 tioris
151 3433 291 3498 Consilii
316 3435 477 3520 praeside,
503 3435 637 3499 homine
662 3437 893 3518 eruditissime,
919 3438 1051 3522 scripsit
1074 3458 1155 3521 opus

42 3528 230 3614 bipartitum
256 3533 347 3595 Mars
374 3531 559 3614 Gallicusfl)
608 3533 719 3614 Quum
751 3533 908 3597 videlicet
941 3556 978 3597 eo
1009 3544 1156 3618 tempore

42 3625 122 3692 Galli
149 3631 310 3716 juvarent
333 3631 478 3695 Batavos
508 3641 725 3716 protestantes
749 3642 863 3696 contra
880 3625 997 3716 ‘regem
1023 3630 1155 3695 catholi-

43 3745 120 3807 cum,
146 3738 179 3789 et
201 3727 317 3791 foedus
341 3730 464 3792 inirent
488 3750 563 3792 cum
581 3727 696 3793 Suecis
720 3730 897 3793 haereticis
921 3741 1035 3793 contra
1050 3731 1155 3814 Impe-

41 3833 176 3887 ratorem
213 3824 459 3889 Fordinandum
490 3828 534 3907 II,
575 3829 632 3911 qui
665 3850 723 3913 per
754 3837 856 3892 totam
889 3829 994 3890 vitam
1026 3850 1155 3891 summa

112 4066 119 4095 ι
216 4063 222 4076 ·
491 4070 497 4086 o

47 4215 51 4226 Ι
110 4062 132 4211 vl
151 4064 297 4197 llllld}
311 4063 611 4198 balllrl'dilas
635 4144 767 4212 meorogr
794 4146 867 4200 uass
895 4145 1022 4211 carneus,
1050 4162 1098 4201 seu
1122 4147 1155 4201 oe

42 4220 145 4282 iustitia
163 4237 296 4278 armorum
315 4224 389 4293 regis
407 4223 521 4290 Galliae,
541 4225 616 4278 Libri
635 4225 695 4289 duo,
713 4225 792 4279 Anno
811 4226 1000 4285 MDOXXXV.
