3288 4900
502 503 615 557 conara
633 503 874 571 pessumarum
1198 505 1249 560 uu

143 657 212 730 erat,
226 650 332 734 nequi
346 649 459 732 stirpe,
470 647 570 729 lama,
585 647 781 712 dominandi
795 648 1036 713 cousuetudine
1047 649 1248 735 praestabat,

144 748 266 810 nimium
297 747 368 832 jam
404 755 571 830 praestare
601 743 702 808 vellet
732 747 766 808 in
790 743 936 829 Synodo,
974 748 1009 810 in
1038 769 1103 832 qua
1139 747 1249 832 plures

142 846 264 908 scientia
287 843 475 927 theologiae
489 853 521 906 et
535 863 702 908 canonum
727 866 746 906 a
747 852 826 928 tque
838 853 909 907 arte
925 843 1091 929 dirigendi
1116 847 1249 931 negotia

142 943 329 1106 Ecclesiae
321 943 384 1027 ipsi
408 942 594 1026 superiores
613 950 717 1005 erant.

258 1038 392 1104 aab
422 1037 508 1102 aula
522 1037 730 1103 Galliae't
680 1061 714 1102 1n
717 1048 766 1102 ter
796 1038 861 1102 alia
892 987 1059 1122 mandata,
1092 1042 1181 1153 quod
1204 1040 1315 1104 ado

141 1161 232 1203 nores
220 1042 302 1202 llct
339 1136 550 1222 disciplinam
588 1135 760 1222 spectabat
790 1133 1013 1221 Lotharingus
1046 1090 1169 1204 haec
1154 1161 1249 1223 Jussa
1323 1131 1381 1159 ¹¹¹⁸·

141 1247 314 1322 acceperat:
349 1235 395 1300 Ut
418 1257 499 1299 usus
522 1235 667 1299 calicis
656 1257 693 1299 m
718 1236 872 1299 universo
902 1256 1004 1319 regno
1027 1246 1195 1321 peteretur
1217 1246 1250 1300 et

143 1343 406 1398 sacramentorum
421 1333 666 1398 administratio
682 1334 717 1396 in
729 1333 845 1416 lingua
854 1331 999 1408 Gallica3
1025 1335 1057 1398 in
1074 1336 1247 1420 paroeciis,

141 1455 191 1496 non
206 1436 285 1497 item
298 1433 334 1496 in
351 1430 499 1516 collegiis
513 1440 571 1494 aut
585 1430 824 1497 monachorum
841 1430 1000 1514 ecclesiis,
1028 1432 1249 1498 catechismus

138 1529 263 1594 Gallice.
276 1567 319 1578 -
333 1530 378 1594 Ut
391 1529 629 1594 concederetur
641 1527 764 1614 populo
779 1539 927 1614 tempore
940 1531 1149 1614 vespertinae
1166 1530 1248 1614 psal·

138 1629 254 1694 modiae
277 1627 422 1714 psalmos
447 1649 566 1690 canere
589 1628 624 1691 in
647 1626 797 1711 linguam
821 1626 1014 1713 popularem
1039 1648 1161 1707 versos,
1190 1629 1248 1693 sed

136 1727 213 1810 prius
238 1726 281 1790 ab
307 1726 472 1810 episcopis
486 1734 519 1788 et
535 1725 716 1790 academiis
740 1735 799 1788 aut
812 1725 963 1790 conciliis
985 1725 1249 1810 provincialibus

92 1855 93 1860 1
136 1825 319 1908 recognitos.
335 1861 379 1870 -
399 1823 445 1887 Ut
466 1823 652 1888 remedium
677 1823 911 1891 admoveretur
934 1823 1125 1908 impudicae
1147 1823 1248 1888 ecclc·

135 1923 330 1986 siasticcrum
346 1922 446 2001 vitae,
471 1921 560 1985 unde
584 1922 761 1984 innumera
786 1919 873 1985 mala
888 1920 1116 2006 profluebant;
1141 1921 1247 1986 stubi

134 2019 215 2084 aliter
236 2019 357 2084 confici
381 2039 447 2083 non
464 2027 583 2102 posset,
609 2029 696 2082 certe
720 2021 805 2082 sacri
821 2019 954 2082 ordines
977 2040 1045 2083 non
1058 2021 1123 2083 nisi
1140 2027 1248 2084 aetate

133 2119 230 2181 minus
243 2117 390 2182 obnoxia
401 2105 592 2202 hujusmodi
602 2116 753 2201 lapsibus
768 2117 1006 2183 conferrentur.
1016 2153 1061 2166 -
1072 2119 1248 2182 Praeterea

133 2217 247 2298 quoties
272 2217 308 2278 in
332 2214 467 2298 Synodo
497 2214 725 2278 laxamentum
754 2215 890 2300 aliquod
914 2224 1153 2300 proponeretur
1176 2237 1248 2300 pro·

132 2311 268 2378 futurum
307 2314 550 2397 recuperationi
588 2322 636 2378 tot
670 2312 834 2377 nobilium
863 2314 1123 2398 provinciarum,
1163 2335 1248 2398 quae

133 2409 332 2475 desciverant
362 2410 404 2474 ab
429 2410 589 2491 Ecclesia,
622 2409 786 2495 simulque
817 2432 884 2474 non
916 2409 1114 2474 obstiturum
1144 2409 1247 2474 verbo

133 2507 195 2591 Dei,
223 2510 324 2573 sicuti
348 2528 415 2571 non
438 2506 616 2572 obstabant
639 2529 666 2573 e.
692 2527 722 2590 g.
748 2507 1018 2592 presbyterorum
1043 2507 1247 2593 conjugium,

132 2608 293 2689 permissio
317 2605 479 2670 bonorum
504 2605 803 2671 ecclesiasticorum
827 2627 912 2692 quae
927 2605 1060 2670 fuerant
1074 2616 1246 2691 occupata,

132 2725 248 2790 semper
263 2703 419 2769 Oratores
442 2705 525 2788 regii
549 2725 684 2789 operam
709 2725 803 2768 suam
828 2703 1015 2768 conferrent
1038 2704 1080 2768 ad
1097 2725 1168 2768 rem
1187 2706 1245 2768 im·

132 2803 327 2885 patrandam,
352 2803 498 2866 maxime
524 2823 703 2866 varocum
728 2803 893 2887 episcopis
908 2799 1049 2866 Galliae.
1089 2800 1247 2867 Oratores

133 2896 205 2965 Galli
228 2909 475 2987 proposuerunt
497 2899 663 2986 postulata
686 2922 747 2963 sua
771 2921 883 2963 mense
902 2899 1065 2966 Januario
1089 2923 1119 2966 a.
1147 2900 1245 2984 1563,

135 3019 202 3082 quae
236 3000 376 3084 triginta
411 3008 552 3085 quatuor
583 2999 715 3084 punctis
744 2997 1010 3079 continebantur,
1051 3020 1091 3062 ac
1122 2997 1247 3062 similia

132 3108 212 3162 crant
225 3100 280 3179 iis,
306 3117 392 3182 quae
407 3097 633 3182 Lotharingus
657 3097 693 3160 in
708 3095 875 3160 mundatis
891 3104 1076 3180 acceperat.
1106 3098 1248 3160 Praeter

130 3194 243 3282 aliquot
268 3197 388 3281 capita,
419 3194 548 3280 reliqua
578 3196 657 3259 satis
682 3194 852 3259 moderata
875 3203 979 3274 erant,
1013 3192 1109 3278 plura
1131 3203 1245 3260 tamen

130 3292 293 3376 ejusmodi,
324 3303 450 3356 utnon
474 3292 562 3356 illico
587 3293 623 3358 in
646 3291 816 3356 Ecclesiae
841 3291 1053 3378 disciplinam
1078 3291 1244 3356 introduci
1356 3350 1359 3359 .

148 3402 261 3458 ossent.

130 3411 147 3472 p
208 3490 282 3556 115.
273 3393 631 3552 lvehemencissime
622 3489 749 3552 interea
765 3487 807 3552 de
820 3488 1012 3599 quaestione
1024 3487 1245 3552 institutionis

129 3587 348 3672 episcoporum
374 3585 579 3671 disputatum
603 3595 661 3652 est
695 3586 739 3650 Et
753 3586 909 3671 quamvis
931 3595 1003 3648 tum
1018 3584 1147 3667 Legati,
1172 3593 1243 3650 tum

130 3681 315 3750 Cardinalos
338 3682 563 3769 Lotharingus
587 3705 626 3747 ao
650 3683 844 3748 Madruoius
867 3681 990 3767 aliique
1014 3680 1183 3766 praesules
1211 3691 1246 3745 et

127 3779 262 3867 theologi
293 3783 441 3866 repetitis
471 3781 604 3845 vicibus
634 3802 770 3867 operam
801 3780 1009 3860 adhiberent,
1042 3789 1078 3843 ut
1108 3779 1244 3844 decreta

129 3879 330 3962 conficerent,
353 3889 465 3944 tamen
489 3879 649 3944 dissensio
673 3879 878 3964 perduravit,
903 3887 935 3941 et
957 3877 1135 3942 sessionem
1151 3899 1244 3962 opor

128 3976 184 4038 tuit
205 3979 306 4042 octies
329 3999 515 4062 prorogare.
555 3976 691 4057 Quanta
715 3986 827 4041 autem
851 3985 934 4040 esset
957 3975 1095 4059 agitatio
1118 3975 1242 4040 animo·

128 4090 193 4137 rum
216 4077 250 4138 iu
275 4074 587 4160 congregationibus
611 4075 778 4140 interdum
798 4073 1046 4138 vehementiore
1071 4071 1243 4137 collisione

130 4205 334 4222 '’m-

195 4286 214 4354 ¹)
233 4285 288 4344 err.
307 4286 438 4342 Pallavic.
458 4286 489 4343 E.
509 4287 585 4344 XIX.
605 4285 633 4339 O.
653 4286 702 4341 XI.
