3020 4908
300 452 354 506 410
488 451 575 508 XLII.
614 451 655 506 De
673 455 750 506 statu
768 450 905 506 Ecclesiae
923 466 991 506 saec.
1012 450 1113 508 decimo
1132 456 1238 508 octavo.

150 596 271 701 Ᾱέξξῑιῗαθῐ
301 605 413 658 autem
438 594 631 679 religionem
648 617 762 658 veram
788 617 858 659 esse
882 605 1011 658 tantum
1030 593 1237 677 admittebat,
1263 605 1423 680 quatenus

248 688 254 705 ’
302 713 377 755 cum
403 692 528 756 deiemo
553 692 608 757 illo
634 693 811 758 coincidet.
862 694 997 757 Thomas
1024 691 1198 772 Chaboras,
1232 695 1424 778 saponarios

301 789 562 876 (rata-1747),
587 792 732 856 theorias
757 790 880 855 similes
896 792 1002 876 magis
1026 793 1060 854 in
1078 790 1197 876 vulgus
1216 794 1422 876 propagavit,

300 888 433 973 suisque
457 888 653 953 tractatibus
676 891 835 971 asseruit,
860 889 1067 975 Scripturam
1091 911 1219 953 sacram
1245 889 1352 953 multa
1375 890 1424 954 ab·
1506 951 1507 964 ,

300 985 401 1049 surda
424 989 603 1069 continere,
629 987 740 1051 Deum
762 1009 826 1050 non
852 1009 968 1051 curare
992 1009 1044 1050 res
1059 985 1222 1050 humanas
1247 997 1281 1051 et
1297 989 1426 1052 animae

300 1084 581 1149 immortalitatem
613 1085 750 1149 dubiam
783 1107 864 1150 esse.
911 1085 1071 1149 Hem-icae
1102 1107 1201 1148 comeo
1232 1086 1271 1148 de
1301 1085 1426 1170 Boliop-
1506 1163 1507 1182 ,

301 1182 393 1245 broka
418 1183 679 1264 (rota-1751),
705 1183 766 1246 sub
784 1182 884 1247 Anna
907 1183 1023 1266 regina
1043 1184 1172 1265 magnis
1196 1185 1231 1248 in
1255 1183 1428 1269 republica
1506 1201 1507 1204 ’

300 1279 493 1344 muneribus
528 1281 679 1363 functus,
720 1281 884 1344 deismum
921 1282 1067 1344 maxime
1101 1283 1303 1365 propagavit
1339 1283 1427 1368 apud

299 1386 426 1462 partem
447 1378 599 1442 ditiorem
617 1400 656 1442 ac
671 1377 866 1442 nobiliorem
882 1379 1028 1442 nationis
1044 1377 1216 1462 Anglioae.
1234 1417 1277 1426 -
1301 1379 1430 1466 Scripta

299 1475 416 1538 horum
450 1478 600 1540 virorum
633 1477 745 1540 multis
778 1475 981 1541 editionibus
1013 1477 1162 1561 repetitis
1199 1476 1365 1542 latissime
1398 1481 1429 1542 in

299 1581 368 1638 tota
403 1573 528 1658 Anglia
560 1584 742 1660 propagata
775 1584 861 1638 sunt.
908 1573 989 1637 Mox
1021 1595 1100 1637 vero
1135 1583 1229 1638 tanta
1263 1578 1431 1661 corruptio

302 1691 431 1735 morum
457 1694 497 1735 ac
516 1672 590 1737 talis
606 1673 902 1736 indifferentismus
921 1670 1188 1757 praevaluerunt,
1212 1681 1250 1736 ut
1263 1672 1435 1758 religionis

297 1770 395 1832 ruina
419 1770 582 1856 completa
614 1773 883 1856 appropinquare
908 1769 1117 1851 videretur.¹)

392 1886 446 1950 43.
493 1887 533 1950 In
550 1885 660 1952 Gallia
685 1887 821 1973 quidem
844 1889 945 1951 etiam
970 1896 1047 1951 ante
1070 1886 1240 1950 saeculum
1265 1887 1435 1953 decimum

299 1993 455 2049 octavum
500 1986 610 2072 plures
644 1988 708 2050 viri
746 1987 841 2070 impii
879 1984 1073 2068 religionem
1107 1984 1202 2048 libris
1240 1984 1342 2049 editis
1380 1989 1435 2050 im-

297 2093 545 2167 pugnaverant,
589 2093 626 2147 ut
671 2083 860 2169 Stephanus
892 2083 1049 2164 Doletus,
1091 2082 1257 2146 Henricus
1298 2083 1436 2170 Stepha·
1507 2111 1508 2164 ,

300 2203 380 2263 nus,
419 2181 567 2246 Joannes
604 2181 770 2263 Bodinus,
805 2182 990 2264 Dionysius
1029 2180 1183 2244 Vairasse
1222 2189 1255 2244 et
1293 2181 1439 2246 Bernar-

299 2281 361 2344 dus
404 2281 607 2345 Fontanelle.
669 2282 857 2366 Praecipue
902 2281 1019 2346 Petrus
1064 2278 1168 2362 Bayle
1216 2281 1274 2359 (m.
1322 2279 1433 2360 1706),

299 2378 357 2462 qui
382 2379 526 2462 primum
551 2378 676 2444 Sedani
700 2381 735 2443 in
757 2379 953 2463 Campania,
978 2387 1092 2462 postea
1109 2375 1341 2440 Rotterodami
1367 2378 1435 2463 phi·

298 2474 484 2559 losophiam
515 2476 664 2558 docebat,
690 2479 724 2541 in
749 2478 880 2561 scriptis
904 2477 982 2559 suis,
1009 2477 1154 2538 maxime
1178 2477 1212 2538 in
1238 2497 1297 2538 suo
1314 2476 1436 2540 [Notio-

299 2575 392 2637 aora'o
418 2574 689 2638 historico-critico
714 2573 957 2659 multiplicibus
981 2571 1242 2658 sophismatibus
1267 2581 1299 2635 et
1326 2572 1431 2658 objec-

298 2672 445 2736 tionibus
474 2675 631 2757 captiosis
655 2695 787 2736 omnem
811 2671 1007 2755 religionem
1030 2673 1193 2734 incertam
1222 2669 1369 2734 reddere
1395 2674 1431 2735 ei·

298 2792 363 2856 que
394 2773 640 2856 sceptioismum
672 2779 898 2855 superstruere
929 2768 1149 2833 adlaboravit.
1198 2767 1266 2832 Sed
1297 2769 1431 2834 saeculo

300 2868 428 2932 decimo
452 2878 570 2932 octavo
604 2877 762 2932 currente
793 2869 918 2932 malum
943 2869 1094 2950 ingentes
1125 2867 1204 2930 fecit
1227 2888 1435 2951 progressus,

298 2966 389 3031 Inter
413 2968 502 3030 viros
525 2966 726 3050 irreligiosos
750 2965 961 3030 hauddubie
986 2966 1131 3050 primum
1154 2974 1298 3049 occupat
1323 2964 1434 3028 locum

300 3065 354 3130 Fr.
380 3065 424 3131 M.
449 3066 576 3129 Arouet
600 3066 641 3129 de
666 3064 813 3129 Voltaire
838 3069 880 3147 (n.
909 3064 1029 3144 1694),
1055 3065 1111 3148 qui
1135 3062 1178 3126 ab
1204 3061 1434 3127 adolescentia

300 3185 455 3246 magnam
480 3185 609 3227 morum
632 3162 802 3227 licentiam
835 3172 866 3225 et
891 3163 1097 3247 impietatem
1128 3181 1208 3246 prae
1233 3182 1268 3223 se
1291 3159 1433 3242 ferebat,

299 3259 433 3325 adultus
457 3283 535 3326 vero
561 3263 718 3342 vanitati,
743 3260 937 3345 ambitioni,
971 3259 1123 3340 libidini,
1148 3259 1323 3322 vindictae
1347 3259 1434 3324 aliis·

299 3380 363 3444 que
388 3360 479 3422 vitiis
504 3359 651 3424 indulsit.
693 3358 760 3438 Qui
785 3380 888 3444 quum
913 3359 1039 3441 ingenii
1065 3367 1096 3420 et
1112 3355 1324 3440 eloquentiae
1341 3380 1432 3443 prae·

299 3457 421 3520 stantia
451 3477 517 3520 non
542 3458 652 3520 minus
683 3480 723 3520 ac
748 3455 915 3520 scribendi
945 3464 1032 3536 arte,
1065 3455 1176 3539 lepore
1212 3465 1244 3518 et
1276 3455 1439 3519 dictionis

300 3554 464 3638 elegantia
498 3555 691 3636 excelleret,
728 3554 839 3638 plures
872 3553 1009 3639 quidem
1034 3562 1190 3638 patronos
1214 3563 1335 3617 nactus
1365 3565 1434 3634 eet,

299 3651 517 3716 nihilominus
543 3674 645 3736 quum
670 3652 712 3716 ob
729 3652 1016 3736 impugnationem
1042 3650 1213 3733 religionis
1230 3653 1264 3714 in
1283 3663 1432 3730 coesset,

300 3761 337 3813 ut
361 3750 531 3815 custodiae
554 3750 750 3830 traderetur,
776 3759 910 3813 coactus
935 3758 984 3812 est
1007 3749 1199 3813 ann01727
1221 3751 1256 3812 in
1274 3748 1431 3834 Angliam

300 3847 469 3930 aufugero.
516 3847 569 3911 Ibi
594 3849 749 3912 societate
774 3846 1022 3912 incredulorum
1051 3857 1083 3910 et
1104 3846 1248 3912 lectione
1272 3848 1429 3913 librorum

375 4079 396 4147 ¹)
416 4077 471 4135 Cir.
491 4079 577 4145 Picot,
595 4081 674 4136 Mem.
694 4094 763 4146 pour
781 4079 869 4132 servir
888 4081 904 4131 a
923 4076 1054 4132 l’histoire
1073 4077 1109 4130 du
1122 4077 1230 4132 XVHI⁰
1248 4078 1336 4142 siecle,
1355 4075 1385 4130 T.
1405 4073 1426 4128 I.

301 4176 327 4227 p.
346 4161 399 4212 288
418 4174 474 4226 sqq.
502 4189 536 4199 —
565 4159 616 4213 Die
634 4159 728 4213 innare
746 4158 926 4214 Unwahrheit
951 4158 998 4211 der
1016 4156 1230 4223 Freimaurerei,
1259 4154 1429 4212 Periodiscbe

301 4239 418 4305 Blatter,
438 4239 467 4292 T.
487 4239 509 4297 Ι.
529 4256 555 4308 p.
574 4241 628 4294 460
648 4255 704 4306 sqq.
