3288 4900
411 548 414 558 .
491 499 604 558 Consilii
625 499 864 568 personatam.
936 519 939 527 ’
1187 503 1237 556 14ῖ

136 646 285 730 quaejam
302 645 515 730 exposuimus
526 643 727 729 ,multiplices
744 642 965 725 difficultates,
976 643 1238 728 „suspicionibus

136 743 282 809 interdum
316 744 416 808 etiam
447 765 546 828 supra
559 740 712 810 ²--m0dum
743 741 929 818 vexabatur
960 742 995 806 in
1020 739 1175 820 Oratores
1206 751 1238 806 et

135 844 288 926 episcopos
319 841 510 926 praesertim
541 839 811 910 ultramontanos.
859 837 914 902 De
935 839 1087 905 Laosaso
1118 861 1239 925 magna

136 959 196 1002 enm
226 940 453 1024 indignatione
487 959 596 1012 coram
626 936 764 1002 Oratore
789 934 918 1000 Galliae
941 936 1065 1000 Romae
1099 937 1239 1020 degente

135 1047 317 1122 conquestus
334 1046 399 1118 est;
424 1037 452 1100 is
468 1057 556 1114 vero,
582 1057 684 1120 quum
708 1037 744 1103 in
761 1036 899 1120 privatis
922 1044 1050 1098 tantum
1069 1034 1240 1121 colloquiis

135 1135 334 1200 inmoderata
350 1143 429 1198 vota
452 1155 589 1218 praese
612 1131 750 1214 tulisset,
775 1155 842 1198 non
866 1132 1163 1199 sinevebementia
1187 1155 1240 1198 ex·

136 1232 306 1315 postulavit,
332 1231 421 1318 quod
445 1231 621 1296 calumniis
640 1232 867 1315 impeteretur.
903 1230 957 1294 Ad
975 1232 1239 1316 episcoposvero

137 1331 375 1415 quodffspectat,
406 1329 537 1408 facilius
569 1329 723 1400 Pontifiei
757 1351 950 1412 persuasum
983 1329 1055 1408 fuit,
1091 1328 1177 1397 nihil
1205 1330 1240 1394 iu

135 1451 152 1492 s.
172 1429 264 1492 Sedis
287 1429 520 1492 auctoritatem
545 1428 632 1511 ipsos
656 1425 742 1489 velle
767 1425 885 1494 moliri.
924 1425 1024 1511 Haud
1050 1426 1240 1498 mirandum

134 1547 197 1590 sane
220 1537 277 1609 est,
308 1527 344 1589 in
369 1527 432 1590 ista
465 1525 651 1589 animorum
676 1525 857 1607 agitatione
881 1524 939 1588 Pio
964 1523 1014 1586 IV
1038 1533 1144 1588 aetate
1168 1524 1240 1609 jam

133 1626 317 1706 provectiori
341 1643 498 1706 magnam
520 1620 1035 1706 supervenissesollicitudinem,
1061 1644 1102 1686 ne
1118 1623 1241 1686 incom-

135 1721 216 1786 noda
238 1724 395 1806 graviora
419 1741 461 1783 ex
486 1717 635 1783 Concilio
661 1720 866 1798 orirentur.¹)

209 1820 280 1886 102.
331 1817 435 1882 Sessio
466 1817 673 1882 decimanona
702 1815 846 1898 Consilii,
878 1838 963 1902 quae
988 1826 1037 1880 est
1059 1818 1157 1881 tertia
1180 1816 1240 1882 sub
1295 1824 1400 1854 ⁰⁸⁸⁰¹²⁰⁸

133 1916 181 1980 Pio
202 1918 261 1999 IV,
285 1916 402 1980 habita
426 1916 487 1980 fuit
512 1915 565 1998 die
592 1911 651 1978 140‘
674 1914 756 1996 Maii
779 1937 808 1980 a.
826 1913 929 1995 15623
954 1914 1013 1980 sed
1036 1914 1119 1978 nihil
1143 1916 1178 1980 in
1203 1937 1242 1978 ea
1291 1888 1321 1916 η

132 2013 165 2076 de
186 2015 336 2080 doctrina
360 2025 392 2077 et
416 2012 593 2097 disciplina
617 2021 776 2086 statutum
800 2011 872 2093 fuit,
899 2021 933 2076 at
947 2022 1121 2096 prorogata
1134 2012 1242 2098 publi·

132 2114 205 2176 catio
228 2114 437 2178 decretorum
462 2132 565 2195 usque
588 2109 633 2174 ad
656 2131 778 2177 novam
803 2111 982 2174 sessionem
1007 2110 1062 2174 die
1084 2112 1123 2177 4⁰
1147 2109 1241 2176 Junii

133 2209 319 2276 habendam.
344 2210 384 2274 In
400 2209 465 2272 hac
488 2209 632 2272 sessione
656 2208 776 2272 iterum
800 2207 1006 2272 decretorum
1022 2208 1242 2294 promulgatio

131 2322 293 2395 prorogata
324 2309 387 2372 fuit
416 2329 520 2392 usque
552 2305 595 2371 ad
625 2307 793 2370 sessionem
820 2307 1159 2392 nipesimnmprirnom
1190 2306 1243 2372 die

134 2407 182 2468 16⁰
195 2407 277 2474 Julii
304 2406 465 2472 habitam.
511 2406 551 2486 In
576 2427 615 2468 ea
639 2405 784 2470 sessione
809 2405 940 2471 decreta
964 2414 1086 2470 statuta
1109 2404 1244 2468 fuerunt

132 2503 319 2570 doctrinalia
334 2504 374 2568 de
394 2503 614 2568 Communione
630 2502 686 2566 sub
699 2513 833 2588 utruque
845 2503 956 2588 specie,
981 2514 1017 2566 et
1024 2501 1243 2587 parvulorum,

131 2611 218 2688 atque
242 2625 350 2690 quum
371 2601 435 2664 hac
450 2603 578 2666 radone
592 2600 708 2665 Patres
724 2602 957 2666 continuarent
972 2599 1102 2665 labores
1117 2597 1243 2683 Synodi

132 2701 182 2764 snb
204 2703 311 2766 Paulo
335 2701 387 2764 Ill
411 2709 444 2763 et
466 2697 557 2764 Julio
573 2698 624 2762 III
648 2699 792 2782 habitae,
817 2699 903 2762 facto
919 2699 1000 2762 satis
1015 2697 1243 2779 ostendebant,

134 2794 310 2864 Concilium
326 2819 483 2883 praesens
499 2819 569 2863 esse
586 2796 674 2863 illius
690 2797 965 2862 continuationem.
991 2797 1119 2860 Tantae
1134 2805 1244 2860 autem

134 2894 334 2963 difficultates
373 2897 579 2960 obvenerant
617 2895 725 2980 quoad
765 2897 957 2980 petitionem
988 2893 1164 2982 Oratorem
1204 2893 1245 2958 de

136 2995 335 3061 coneedendo
368 2993 519 3080 pluribus
549 2992 742 3076 regionibus
774 3014 870 3056 usum
900 2992 1022 3075 calicis,
1058 3003 1095 3056 ut
1127 2991 1244 3055 solutio
1356 3019 1357 3022 ¹

134 3089 219 3177 hujus
250 3093 454 3179 quaestionis
478 3115 498 3154 a
521 3091 677 3155 Patribus
708 3091 810 3154 dilata
840 3093 891 3156 sit.
939 3089 1133 3154 Statuerunt
1156 3089 1246 3153 vide-

133 3187 214 3257 licet:
243 3193 360 3272 „Duos
375 3211 453 3254 vero
477 3189 634 3254 articulos
651 3189 733 3254 alias
749 3191 943 3274 propositos,
968 3186 1117 3254 nondum
1133 3197 1246 3253 tamen

133 3308 288 3371 excussos,
326 3286 492 3368 videlieet,
532 3310 575 3353 an
610 3289 754 3352 rationes
790 3287 911 3372 quibus
945 3296 1058 3350 sancta
1082 3285 1247 3350 catholica

132 3385 273 3450 Ecclesia
297 3387 442 3451 adducta
465 3386 537 3466 fuit,-
563 3394 599 3448 ut
623 3386 884 3448 communicaret
905 3384 1009 3448 laicos
1032 3395 1131 3469 atque
1147 3385 1246 3449 etiam

133 3482 418 3548 concelebrantes
447 3483 633 3549 sacerdotes
662 3483 722 3546 sub
754 3506 821 3547 una
844 3492 973 3548 tantum
1002 3484 1098 3568 panis
1127 3483 1246 3568 specie,

132 3580 172 3643 ita
193 3585 259 3646 sint
280 3582 483 3660 retinendae,
518 3591 554 3644 ut
582 3581 673 3645 nulla
697 3582 823 3646 ratione
848 3580 962 3646 calicis
988 3602 1067 3646 usus
1091 3582 1247 3664 cuiquam

133 3677 169 3739 sit
190 3679 439 3763 permittendus,
464 3689 512 3744 et:
537 3701 591 3760 an,
614 3681 643 3744 si
667 3678 814 3744 honestis
838 3689 870 3742 et
894 3679 1094 3748 christianae
1117 3679 1247 3742 caritati

132 3779 353 3842 consentaneis
390 3777 575 3842 rationibus
614 3777 847 3842 concedendus
888 3777 989 3842 alicui
1027 3777 1154 3842 nationi
1194 3775 1247 3839 vel

133 3893 224 3956 regno
256 3875 370 3941 calicis
400 3898 478 3940 usus
493 3950 494 3956 ἵ
511 3875 674 3957 videatur,
709 3875 770 3939 sub
802 3874 970 3960 aliquibus
1002 3873 1248 3938 conditionibus

134 3973 357 4037 concedendus
396 3975 447 4052 sit,
489 3983 521 4036 et
559 3995 724 4058 quaenam
757 3974 824 4036 sint
847 3972 922 4039 illae
930 3997 938 4054 3
960 3972 1095 4039 eadem
1133 3981 1250 4036 sancta

135 4065 280 4150 Synodns
305 4073 339 4137 in
364 4071 455 4136 aliud
478 4080 609 4156 tempus
641 4069 751 4138 oblata
775 4069 839 4136 sibi
864 4092 964 4156 quam
988 4071 1133 4155 primum
1157 4092 1249 4134 occa·

136 4211 339 4226 Ἢ

204 4283 223 4350 ¹)
241 4283 296 4341 etr.
316 4283 479 4339 Pallevicini
495 4283 528 4338 L.
546 4283 622 4339 XVI.
641 4282 670 4341 0.
689 4283 724 4338 X.
739 4287 772 4336 'et
789 4281 930 4340 IaXVII.
950 4281 978 4336 G.
1001 4281 1076 4338 VIII.

381 4389 383 4393 ·
1035 4371 1089 4425 10*
