3034 4894
220 540 226 542 -
270 457 287 510 6
396 454 533 508 XXXVII.
554 455 595 508 De
613 453 702 508 initiis
726 470 758 508 ac
777 454 810 507 de
828 469 940 540 propag.
959 452 1269 520 pseudoreformationis.

271 598 370 664 simul
394 599 492 662 etiam
517 596 736 662 abstinentiae
759 599 862 682 rigor,
895 619 970 662 cum
994 597 1046 661 bis
1069 617 1129 682 per
1151 596 1396 660 hebdomadem

266 697 443 783 jejunaret,
469 706 500 759 et
524 699 659 781 insuper
682 705 799 781 quarta
824 717 954 780 quaque
978 695 1060 760 feria
1077 693 1234 758 colendae
1247 694 1400 776 Virginis

270 795 379 878 gratia
396 815 543 858 mensam
561 795 708 879 privaret
732 794 898 875 carnibus,
924 804 1018 858 sexta
1030 815 1118 873 vero,
1144 791 1185 855 ob
1202 793 1398 856 memoriam

275 891 398 957 Christi
423 893 579 976 patientis
610 891 713 956 herba
737 903 866 956 tantum
900 914 940 954 ac
971 891 1138 974 legumine
1168 899 1366 955 vesceretur.
1376 891 1401 969 ¹)

273 991 358 1055 'l'am
383 988 497 1064 crebra
528 1012 643 1054 sensus
674 992 853 1054 maceratio
878 992 912 1053 in
937 989 1242 1074 principe'juvene
1272 989 1400 1050 animo-

274 1111 338 1175 que
369 1088 562 1152 deliciarum
588 1097 764 1173 appetente
789 1088 847 1152 diu
871 1109 938 1152 non
962 1088 1123 1172 potuisset
1152 1085 1300 1170 produci,
1332 1086 1399 1148 nisi

274 1209 333 1273 per
368 1187 436 1248 vim
468 1185 694 1250 validissimae
732 1187 881 1271 pietatis3
922 1207 1029 1270 neque
1068 1197 1164 1268 certe,
1204 1183 1293 1269 quod
1330 1205 1400 1246 non

276 1286 446 1371 pertigerit
463 1286 628 1370 quispiam
645 1285 848 1370 propositam
862 1283 994 1352 virtutis
1007 1293 1140 1365 metam,
1158 1303 1195 1345 00
1208 1280 1403 1345 reticendus

275 1393 324 1447 est
347 1383 469 1466 gradus
498 1383 562 1464 ille,
596 1382 639 1446 ad
664 1404 763 1468 quem
787 1384 992 1467 pervenerit,
1032 1380 1128 1444 aliter
1160 1379 1288 1444 nullum
1312 1380 1405 1442 inter

275 1479 465 1566 improbum
489 1490 522 1546 et
545 1502 611 1544 non
636 1482 797 1564 optimum
823 1479 1001 1544 discrimen
1019 1478 1149 1558 erit.“²)
1181 1477 1291 1562 Atque
1316 1475 1402 1540 haec

276 1579 785 1666 sufficiant‚utcogucscantur
815 1575 942 1640 indoles
974 1597 1152 1660 moresque¹
1171 1575 1306 1653 Leonis,
1342 1575 1401 1659 qui

275 1688 433 1762 tempore
448 1698 512 1762 quo
537 1677 663 1762 incepit
685 1677 787 1739 tristis
812 1674 953 1738 defectio
971 1672 1155 1738 Ecclesiam
1180 1671 1403 1757 gubernabat.

104 1775 257 1878 gfflfff
366 1775 396 1839 6.
444 1776 485 1839 In
509 1773 689 1838 Germania
718 1776 853 1838 ineunte
878 1771 1009 1836 saeculo
1033 1771 1117 1836 XVI
1141 1770 1322 1834 vehemens
1347 1791 1404 1834 ex·

277 1872 378 1938 citata
411 1885 481 1936 erat
511 1874 697 1936 animorum
728 1873 865 1956 agitatio
890 1879 922 1933 et
946 1869 1096 1934 simultas
1126 1879 1240 1934 contra
1264 1867 1402 1946 clerum,

276 1971 456 2056 religiosos,
482 1969 680 2055 theologiam
705 1970 945 2051 scholasticam,
975 1967 1199 2053 indulgentias
1226 1968 1405 2052 variosque

354 2238 374 2307 ¹)
397 2237 511 2302 ,Animo
538 2252 603 2290 vere
631 2236 743 2303 pudico,
772 2235 867 2290 scribit
889 2233 999 2298 Jovius,
1028 2234 1071 2288 die
1090 2231 1217 2286 Mercurii
1236 2246 1330 2285 carnes
1349 2247 1405 2284 non

261 2319 364 2382 011010,
393 2317 897 2378 (110001011117000110011111111101010
925 2319 1034 2382 praeter
1058 2314 1197 2382 legumina
1216 2314 1343 2378 0101010,
1373 2329 1410 2365 ac

278 2399 322 2453 die
341 2400 446 2452 demum
466 2398 577 2451 Saturni
596 2413 678 2452 coena
696 2399 805 2465 penitus
828 2395 972 2459 abstinere,
998 2395 1156 2460 incorrupta
1174 2394 1234 2461 lege
1253 2392 1407 2448 instituit.“

352 2480 373 2544 ²)
393 2478 494 2534 Hister.
516 2477 615 2535 Concil.
634 2478 710 2534 'Irid
729 2479 759 2534 L.
779 2479 801 2533 I.
830 2493 850 2535 c,
871 2475 908 2531 II.
928 2491 954 2528 n.
974 2477 998 2531 4.
1019 2477 1052 2531 5.·
1070 2505 1103 2512 -
1129 2465 1224 2528 Acrius
1243 2479 1336 2528 tamen
1355 2473 1411 2526 hoc

280 2562 336 2614 loco
356 2559 538 2612 Pallavicinus
558 2558 675 2612 Leonem
700 2559 725 2611 X
745 2556 846 2626 arguit,
878 2556 948 2621 quod
972 2571 1026 2608 non
1054 2555 1122 2608 satis
1141 2553 1169 2607 in
1189 2554 1290 2608 litteris
1319 2555 1410 2608 sacris

279 2641 364 2694 fuerit
383 2645 514 2701 versatus,
541 2645 569 2690 01
592 2654 646 2691 non
664 2638 756 2705 plures
775 2635 896 2703 insignes
916 2635 1055 2701 theologos
1074 2633 1102 2686 in
1122 2634 1307 2687 Cardinalinm
1326 2633 1407 2688 colle·

279 2721 356 2789 gium
384 2719 538 2774 adsciverit.
583 2717 665 2784 ,Le0,
694 2717 800 2782 scribit,
826 2714 937 2782 ingenio
966 2713 1139 2780 capacissimo
1167 2730 1198 2766 ac
1225 2713 1412 2781 singulariter

279 2800 379 2854 studiis
402 2800 509 2853 addicto
535 2799 650 2851 donatus
674 2813 690 2850 a
717 2797 779 2861 Deo,
808 2796 855 2848 vix
878 2794 1025 2862 pueritiam
1050 2809 1180 2861 egressus,
1210 2809 1292 2858 quum
1320 2809 1350 2848 se
1379 2794 1410 2847 in

281 2895 405 2947 supremo
423 2883 520 2932 senatu
539 2878 676 2932 Ecclesiae
695 2878 852 2930 collocatum
872 2881 1002 2939 cerneret,
1028 2890 1075 2927 suo
1094 2874 1175 2941 plane
1194 2873 1283 2927 officio
1309 2874 1409 2938 defuit,

281 2961 407 3028 neglecta
426 2959 455 3012 in
474 2960 629 3012 litterarum
647 2957 737 3011 studio
756 2964 835 3025 110110
853 2971 906 3009 non
925 2956 1011 3010 solum
1024 2954 1161 3018 nobiliore,
1180 2955 1226 3006 sed
1239 2969 1304 3007 suae
1318 2954 1410 3022 magis

281 3056 401 3107 congrua
429 3039 575 3107 dignitate.
622 3039 738 3092 Gravior
765 3037 894 3104 apparuit
925 3035 1095 3099 deformitas,
1127 3035 1233 3100 quando
1264 3035 1411 3103 trigesimo

281 3120 396 3187 septimo
420 3119 523 3174 aetatis
547 3135 617 3201 anno
636 3120 749 3172 Praeses
775 3134 806 3170 ac
823 3118 958 3185 Magister
985 3115 1125 3183 refigionis
1151 3115 1325 3176 constitutus,
1354 3132 1411 3168 non

281 3201 433 3254 continenti
461 3200 546 3254 solum
571 3199 661 3253 studio
690 3197 864 3266 profanarum
898 3197 1053 3250 litterarum
1081 3195 1233 3249 curiositati
1262 3211 1290 3248 00
1318 3201 1410 3249 totum

238 3329 239 3332 ,
281 3283 421 3349 impendit,
447 3281 493 3334 sed
517 3282 546 3334 in
564 3281 680 3348 Regiam
705 3280 789 3347 ipsius
814 3279 955 3347 religionIs
978 3277 1073 3345 majori
1100 3292 1165 3330 cura
1184 3293 1229 3330 eos
1254 3277 1410 3340 accersivit,

283 3362 379 3428 quibus
399 3366 490 3415 essent
508 3366 665 3428 perspectae
679 3359 841 3413 Graecorum
854 3358 962 3412 fabulae
975 3362 1168 3425 poetarumque
1188 3356 1308 3421 deliciae,
1328 3373 1410 3423 quam

283 3441 420 3495 Ecclesiae
438 3440 553 3495 historia
571 3441 737 3506 Patremque
756 3439 887 3496 doctrina.
924 3439 1004 3492 Haud
1023 3453 1088 3492 sane
1106 3437 1198 3490 omisit
1216 3437 1286 3490 idem
1306 3438 1410 3492 theolo-

194 3517 197 3522 ’
284 3521 359 3589 giam
377 3520 565 3574 scholasticam
583 3520 749 3574 remunerari
768 3535 905 3586 purpurae
924 3519 1130 3572 honestamento
1149 3518 1178 3570 in
1190 3518 1292 3570 Thema
1305 3518 1410 3582 deVio‚

284 3601 313 3654 in
331 3600 446 3668 Aegidio
459 3600 634 3664 Viterbiensi‚
653 3599 681 3652 in
697 3599 815 3652 Adriano
834 3599 991 3652 Florentino
1010 3598 1181 3665 ejusdemque
1200 3613 1361 3662 successore,
1382 3604 1412 3652 et

283 3695 394 3734 munere
406 3681 535 3748 Magistri
547 3681 617 3734 sacri
633 3681 731 3733 Palatii
745 3681 773 3732 in
786 3679 918 3734 Silvestre
930 3679 1060 3744 Prierate,
1081 3694 1192 3744 quorum
1205 3677 1409 3732 lucubrationes

284 3777 389 3814 sacram
408 3761 578 3827 disciplinam
596 3761 787 3814 immortaliter
804 3760 987 3815 illustrarunt.
1025 3759 1075 3813 Sed
1095 3775 1147 3811 non
1167 3773 1251 3822 aeque
1271 3757 1409 3826 theologo·

285 3857 344 3894 rum
364 3857 394 3894 ac
412 3844 553 3908 poetarum
572 3840 764 3894 consuetudine
783 3844 825 3894 est
844 3840 1000 3904 delectatus,
1028 3855 1078 3892 nec
1098 3839 1180 3905 juxta
1198 3853 1301 3890 sacram
1322 3837 1409 3892 erudi·

284 3921 387 3975 tionem
411 3921 546 3986 promovit
565 3937 596 3974 ac
614 3921 763 3989 profanam,
788 3920 884 3973 relicta
903 3919 1025 3973 Ecclesia
1044 3920 1073 3972 in
1092 3934 1123 3972 ea
1142 3935 1221 3984 quam
1245 3919 1348 3984 reperit
1366 3933 1409 3986 pe·

285 4002 365 4054 nuria
383 4001 510 4065 virorum,
536 4001 581 4066 qui
599 4008 661 4068 11001
680 4000 815 4055 infelicem
840 4000 956 4067 plurium
982 3999 1148 4054 saeculorum
1173 3999 1359 4066 ignorantiam
1381 3999 1408 4051 in

286 4082 372 4134 lucem
399 4085 559 4134 revocarent
586 4097 690 4134 sacram
718 4079 904 4144 eruditionem,
937 4096 990 4145 qna
1014 4079 1071 4147 jam
1099 4078 1241 4132 fruebatur
1269 4079 1406 4145 profana.“

286 4162 317 4218 L.
337 4177 358 4216 c.
378 4176 403 4217 11,
426 4163 448 4219 l.
481 4192 513 4199 --
545 4161 730 4228 Temperanda
758 4168 850 4213 tamen
875 4160 940 4213 haec
965 4175 1023 4214 esse
1050 4173 1188 4213 censemus
1219 4174 1252 4212 ex
1280 4159 1315 4212 iis
1341 4171 1407 4231 ¹quae

287 4243 411 4309 superius
430 4241 462 4294 de
480 4241 579 4294 Leonis
597 4242 623 4294 X
641 4242 822 4295 sollicitudine
841 4257 889 4308 pre
908 4241 1028 4294 Ecclesia
1047 4239 1209 4296 notavimus.
