3034 4894
240 435 241 443 ἵ
294 449 329 502 42
420 449 562 501 XXXVII.
581 449 621 503 De
635 447 727 503 ¹initiis
747 465 778 502 ac
797 449 829 503 de
847 465 960 517 propag.
979 447 1292 516 pseudorelormationis.

137 701 273 750 zwinglius.

298 601 454 656 vocatum
479 614 559 673 esse,
591 603 628 655 ut
651 592 833 676 parocbum
858 592 1018 656 ecclesiae
1041 593 1251 676 praecipuae,
1287 592 1420 674 signum

299 702 357 772 cst,
381 691 552 754 levitatem
569 713 697 754 morum
713 693 813 754 etiam
828 691 954 754 ibidem
970 690 1090 754 multos
1102 690 1274 754 invasisse.
1308 689 1422 770 Quum

299 791 333 852 in
359 789 566 852 sermonibus
590 791 657 852 suis
676 789 749 874 jam
773 791 903 874 saepius
927 790 1103 852 temeraria
1126 789 1359 872 proposuisset,
1391 811 1422 854 a.

300 887 396 970 1518,
422 888 585 951 excitatus
601 888 682 952 forte
698 887 850 972 exemplo
862 887 1012 964 Lutheri,
1031 906 1244 970 magnacum
1263 885 1424 950 violentia
1484 907 1490 921 ⁸

299 987 478 1050 insurrexit
510 996 624 1050 contra
656 986 938 1070 indulgentiarum
970 984 1261 1068 praedicationem,
1299 986 1353 1048 cui
1388 985 1425 1047 in

298 1083 455 1147 Helvetia
489 1084 543 1149 Fr.
574 1083 802 1147 Berua-rdinus
842 1081 982 1146 Samson
1021 1081 1061 1146 Ο.
1092 1082 1175 1147 Min.
1215 1083 1426 1166 praepositus

299 1194 376 1248 erat.
428 1181 475 1258 Is,
511 1183 559 1244 uti
592 1180 725 1244 videtur
758 1180 895 1264 injuste,
934 1179 1126 1244 eorumdem
1164 1176 1328 1242 abusuum
1366 1181 1426 1264 qui

298 1279 430 1343 Tetzelo
456 1279 576 1365 objecti
601 1289 678 1341 sunt
701 1289 874 1342 accusatus
897 1279 970 1360 fuit,
1000 1287 1033 1340 et
1055 1278 1218 1362 quamvis,
1251 1275 1427 1360 indulgen-

297 1380 418 1441 tiarum
443 1377 691 1462 praedicatione
715 1399 884 1461 suspensa,
916 1377 1024 1440 omnis
1055 1373 1262 1460 querelarum
1293 1378 1427 1439 occasio

297 1474 476 1557 tolleretrn,
500 1468 622 1540 exinde
639 1475 820 1559 Zwinglius
845 1495 964 1556 magno
990 1495 1065 1537 cum
1090 1475 1204 1556 vigore
1228 1471 1428 1556 religionem

298 1573 496 1637 catholicam
521 1575 738 1658 oppugnavit.
786 1573 866 1636 Mox
898 1574 1127 1654 magistratum
1158 1571 1357 1654 Tigurinum
1394 1573 1428 1634 in

298 1694 374 1735 suas
387 1674 488 1734 traxit
500 1682 619 1756 partes,
645 1671 726 1735 alios
740 1671 979 1734 ecclesiasticos
993 1668 1180 1754 impudicos
1196 1668 1427 1754 sibijunxit,1)

298 1781 330 1832 et
354 1779 425 1833 tum
449 1769 564 1852 Tiguri
588 1781 660 1832 tum
685 1772 719 1833 in
745 1770 819 1833 aliis
845 1767 1020 1832 Helvetiae
1043 1766 1236 1849 regionibus
1260 1767 1428 1831 haeresim

297 1867 436 1931 Lutheri
469 1867 635 1930 erroribus
665 1867 763 1950 plane
795 1865 936 1930 similem
968 1865 1170 1946 introduxit3
1207 1864 1429 1929 collaboravit

298 1967 360 2050 ipsi
398 1967 575 2050 praecipue
614 1964 907 2048 Oecolampadius,
945 1973 1043 2026 antea
1078 1961 1250 2047 presbyter
1287 1961 1428 2028 Ordinis

299 2064 510 2148 s'Brigittae
533 2063 623 2147 apud
649 2064 845 2147 Augustam.
892 2062 1065 2125 Haeresim
1091 2069 1307 2144 susceperunt
1326 2061 1427 2145 Tigu·

297 2163 379 2242 rini,
417 2162 589 2241 Bernates,
629 2160 846 2240 Basileenses,
886 2158 1141 2238 Schafhusiani,
1183 2157 1427 2242 sangallenses,

298 2259 514 2342 Mulhusiani,
539 2259 633 2323 multi
658 2258 889 2339 Claronenses,
915 2255 1262 2321 etAbbatiscellenses
1278 2258 1428 2342 (Appen-

298 2356 384 2442 zcll).
431 2357 470 2421 In
496 2357 659 2421 catholica
683 2379 764 2421 vero
788 2357 949 2440 religione
966 2355 1426 2440 permanseruntSuitienses,

300 2456 466 2537 Urienses,
508 2455 743 2540 Sylvanienses
774 2453 1053 2537 (Unterwalden),
1100 2453 1283 2536 Tugienses
1315 2453 1427 2537 (Zug),

299 2553 538 2636 Lucernenses,
572 2553 812 2637 Friburgenses
843 2563 874 2616 et
900 2551 1146 2616 Solodureuses.
1195 2550 1279 2614 Inde
1304 2551 1427 2614 divisio

299 2660 332 2713 ct
355 2650 449 2714 brevi
481 2661 554 2736 post
577 2651 700 2716 bellum
725 2653 811 2714 inter
835 2649 1018 2714 catholicos
1042 2659 1074 2713 et
1097 2649 1281 2712 haereticos
1306 2648 1427 2712 Helva·

300 2751 366 2812 tiae
392 2771 492 2834 pagos
517 2761 587 2814 orta
611 2760 677 2823 est;
703 2748 860 2813 catholici
878 2770 955 2812 vero
973 2771 1002 2814 a.
1021 2748 1116 2829 1531,
1142 2747 1195 2810 die
1221 2747 1280 2810 11Ο
1295 2745 1426 2829 Octob.,

300 2847 390 2931 apud
405 2868 528 2932 pagum
547 2848 671 2932 Cappel
688 2869 844 2932 magnam
868 2849 1043 2910 victoriam
1071 2844 1263 2910 retulerunt.
1314 2843 1425 2924 Quum

300 2945 483 3030 Zwinglius
514 2956 661 3010 armatus
692 2948 727 3009 in
757 2945 881 3030 praelio
915 2945 1097 3025 dimicaret,
1129 2966 1149 3006 a
1173 2942 1318 3006 militum
1344 2945 1427 3008 duce

301 3044 493 3128 Boekinger
534 3044 644 3130 gladio
692 3065 867 3129 percussus
914 3045 1056 3124 interiit;
1109 3041 1292 3126 eodemque
1341 3065 1426 3106 anno

302 3143 358 3224 (23
389 3143 583 3225 Novembr.)
620 3142 898 3226 Oecolampadius
935 3150 1027 3226 peste
1065 3139 1213 3203 sublatus
1250 3150 1310 3204 est.
1364 3141 1427 3205 Sed

301 3241 446 3305 haeresis
470 3241 512 3306 ab
536 3241 669 3305 asseclis
693 3262 805 3304 eorum
831 3242 867 3303 in
891 3239 1046 3303 Helvetia
1070 3240 1200 3301 firmata
1223 3238 1297 3302 fuit.

302 3419 439 3474 hominum
467 3425 508 3472 est
539 3423 642 3486 potens,
673 3418 716 3471 cui
744 3418 853 3484 impune
878 3417 921 3470 vel
947 3415 1119 3483 imperatoris
1141 3413 1252 3467 barbam
1277 3420 1427 3468 attrectare

302 3501 374 3563 licet,
394 3515 489 3566 nempe
508 3506 608 3552 tonsor.
644 3498 716 3552 Filia
735 3504 784 3563 cst,
804 3513 881 3551 nemo
900 3504 993 3564 negat,
1022 3496 1075 3549 nisi
1095 3495 1165 3548 forte
1191 3501 1271 3560 pater
1289 3495 1357 3563 ipse,
1382 3493 1426 3560 qui

303 3581 387 3634 etiam
406 3580 463 3646 ejus
482 3579 625 3647 conjugem
643 3577 715 3631 filiae
739 3582 862 3641 matrem,
888 3576 1026 3630 mulierem
1045 3575 1096 3629 fide
1116 3574 1307 3642 probitateque
1327 3573 1426 3641 conspi-

303 3677 381 3713 cuam
400 3660 527 3713 odulterii
555 3674 635 3726 saepe
663 3657 841 3721 insimulavit,
870 3656 980 3710 fortiter
1005 3656 1093 3724 magis
1112 3671 1191 3721 quam
1218 3670 1296 3721 vere;
1327 3655 1372 3708 sed
1400 3661 1426 3706 et
1506 3659 1507 3684 ³

303 3740 387 3794 filiam
405 3741 487 3793 istam
505 3740 538 3794 de
557 3755 610 3806 qua
628 3755 722 3804 sermo,
741 3737 838 3790 abhinc
856 3751 939 3804 prope
957 3735 1094 3789 biennium
1113 3751 1147 3788 ex
1166 3734 1295 3788 alimonia
1315 3751 1363 3789 sua
1381 3749 1424 3786 ex·

304 3821 392 3887 clusit,
412 3820 482 3874 nihil
501 3820 626 3883 vestium,
644 3818 714 3872 nihil
731 3818 784 3872 cibi
803 3817 987 3891 impertiens.“

382 3901 399 3971 ¹)
420 3903 498 3954 Anno
519 3900 587 3954 1523
606 3898 756 3966 Zwinglius
776 3913 835 3950 eum
854 3912 951 3949 novem
970 3895 1030 3948 aliis
1048 3894 1214 3961 presbyteris
1233 3895 1342 3948 asseclis
1359 3893 1425 3961 peti·

303 3984 378 4054 tione
397 3983 462 4035 data
481 3999 497 4035 a
515 3981 681 4050 magistratu
700 3978 852 4047 postulavit
870 3977 1025 4030 libertatem
1043 3975 1217 4043 praedicandi
1230 3990 1327 4041 purum
1339 3975 1426 4026 Evan-

304 4062 406 4131 gelium
425 4068 453 4115 et-
471 4062 640 4114 sacerdotum
659 4059 800 4114 connubia.
837 4059 875 4113 Ut
894 4057 1027 4110 motivum
1045 4055 1171 4120 afferunt,
1191 4054 1314 4108 omuibus
1332 4059 1424 4108 notum

305 4157 370 4206 esse,
396 4156 424 4195 se
448 4157 509 4195 oum
533 4139 689 4194 mulieribus
713 4137 846 4205 impudice
871 4137 984 4204 vixisse3
1013 4136 1076 4188 hinc
1100 4135 1233 4188 connubia
1251 4134 1424 4196 concedende,

305 4238 386 4288 quum
406 4221 576 4274 continentia
593 4220 658 4287 ipsis
676 4218 849 4287 impossibilis
868 4218 912 4282 sit,
932 4233 966 4270 ne
984 4216 1111 4270 scandala
1130 4216 1262 4270 oriantur.
