3034 4894
351 454 392 507 De
409 454 616 522 praeparatione
635 453 749 512 Consilii
767 453 930 514 Tridentini.
1141 514 1145 531 1
1164 455 1199 512 65

84 597 254 682 prudentia
278 597 430 662 homines
454 597 737 683 obtemperaturos
760 600 923 682 speravit3
954 599 1012 664 sed
1036 601 1201 685 quaedam
1211 602 1280 704 ΜΞ
1296 605 1373 676 Μ·

84 697 266 762 emendatio
292 697 490 780 imaginaria
512 719 614 782 quam
639 698 785 782 imperiti
809 696 889 762 boui
906 699 970 760 viri
994 697 1201 782 deperibant,
1282 676 1325 705 ω’

83 797 137 879 qui
160 797 285 880 optima
309 793 399 860 factu
424 793 465 858 ab
490 795 624 878 optimis
643 795 740 878 jussu
764 793 848 858 nihil
869 807 1055 877 secernunt,
1080 799 1203 882 quique

83 893 182 956 multa
207 893 407 977 vituperant,
429 891 534 956 solum
555 894 613 956 uui
628 894 747 960 intenti
764 892 850 958 malo
874 893 963 979 quod
986 894 1064 958 inde
1081 904 1203 976 manat,

82 1013 144 1056 non
169 1012 247 1054 vero
271 989 401 1055 libratis
426 990 521 1056 malis
538 1012 622 1075 quae
639 1013 681 1054 ex
697 990 838 1056 adverso
859 991 1039 1076 prodirent,
1064 1013 1203 1077 quornm

80 1100 192 1173 postea
215 1110 282 1153 non
306 1109 379 1152 raro
404 1089 610 1173 experientia
635 1088 751 1152 infelix
768 1091 925 1173 magistra
941 1098 999 1153 est.
1030 1089 1205 1154 Praeterea

80 1209 148 1250 mos
188 1196 238 1250 est
269 1187 430 1274 cujusque
462 1185 686 1250 multitudinis
724 1186 768 1250 ad
798 1198 946 1252 extrema
984 1186 1111 1270 prolabi
1153 1186 1205 1255 vel

78 1285 267 1350 timiditatis
291 1283 345 1349 vel
369 1283 540 1364 audaciae,
572 1284 723 1368 adeoque
755 1283 838 1352 mibi
862 1305 988 1351 novum
1018 1307 1085 1352 non
1109 1297 1203 1365 osset,

80 1383 198 1448 multos
222 1405 264 1446 ex
288 1381 406 1446 aulicis
429 1383 578 1447 timuisse
602 1382 815 1467 pontificatus
838 1384 980 1447 ruinam.

167 1482 200 1546 9.
250 1480 396 1563 „Verum
427 1481 453 1544 si
487 1480 582 1542 aulae
615 1481 749 1543 nomine
781 1479 959 1548 Pontifices
990 1481 1204 1564 accipiamus,

78 1576 161 1642 alius
186 1577 284 1661 longe
308 1586 477 1660 respectus
501 1598 556 1642 eos
581 1575 734 1641 difficiles
747 1576 790 1642 ad
807 1578 996 1643 vocandum
1015 1575 1203 1644 Concilium

78 1675 248 1740 reddebat.
281 1675 483 1738 Retinebant
507 1676 667 1738 memoria
682 1675 818 1738 effatum
834 1675 1090 1763 praeclarissimi
1116 1675 1204 1740 illius

78 1776 228 1855 Patris,¹)
244 1761 432 1858 'nunquam
464 1774 535 1836 sine
560 1772 706 1856 periculo
731 1784 763 1836 et
786 1774 967 1838 offensione
990 1772 1106 1836 haberi
1132 1794 1203 1836 eon·

78 1884 216 1936 ventus:
241 1871 299 1935 ubi
324 1873 413 1936 enim
438 1870 548 1955 plures
572 1871 694 1934 adsunt
711 1881 837 1934 mentes
854 1880 886 1934 et
901 1871 995 1956 plura
1020 1871 1130 1952 corda,
1156 1871 1203 1934 ibi

78 1993 210 2054 semper
224 1969 335 2055 aliqua
352 1970 438 2033 inest
454 1970 692 2032 sententiarum
706 1970 1015 2054 appetitionumque
1029 1969 1204 2034 discordia.

78 2069 180 2132 Porro
206 2067 371 2131 discordia
396 2067 640 2132 contentionem
665 2069 772 2151 parit3
797 2069 1060 2131 contentiovero
1084 2067 1205 2130 tamin

78 2169 224 2252 corporis
253 2187 352 2250 quam
377 2166 411 2227 in
435 2165 538 2228 animi
563 2173 821 2249 temperamento
855 2167 1076 2250 corruptionis
1107 2167 1197 2248 origo

78 2276 134 2330 cst.
185 2263 460 2330 Obversabantur
489 2265 600 2326 animo
633 2264 711 2326 satis
735 2265 883 2326 recentia
906 2263 1055 2326 Basileae
1079 2265 1201 2328 incom-

79 2364 196 2442 moda,
231 2361 470 2444 intelligebant,
503 2371 697 2426 cunctorum
729 2382 799 2426 esse
831 2361 1020 2446 principum
1044 2359 1203 2444 regulam,

79 2460 250 2546 generales
289 2460 421 2523 ordines
460 2459 586 2544 absque
626 2481 755 2522 summa
794 2461 989 2522 necessitate
1028 2480 1094 2523 non
1134 2475 1204 2521 esse

80 2558 256 2644 cogendos.
304 2556 637 2637 Animadvertebant,
676 2558 927 2622 conversionem
962 2555 1204 2620 haeretieorum

81 2680 136 2742 per
161 2654 351 2719 Concilium
383 2655 454 2718 fieri
480 2677 546 2720 non
579 2677 690 2739 posse;
731 2664 765 2718 at
794 2675 836 2718 ex
859 2654 961 2718 altera
985 2664 1077 2740 parte
1107 2656 1143 2718 in
1167 2675 1204 2716 eo

81 2753 269 2836 praesulum
301 2763 407 2834 coetu,
440 2754 475 2816 in
499 2775 563 2838 quo
588 2753 697 2838 plures
721 2754 867 2820 inessent
890 2753 1043 2836 regendis
1074 2751 1205 2838 populis

82 2853 256 2938 inexperti,
281 2851 464 2915 verendum
482 2873 563 2932 esse,
582 2874 622 2914 ne
638 2873 734 2916 sensa
751 2860 962 2934 erumperent
977 2850 1205 2930 immoderata,

86 2963 111 3016 et
131 2948 306 3016 Ecclesiae
337 2949 440 3034 quieti
473 2949 673 3029 turbulenta,
706 2949 828 3034 quibus
857 2949 1013 3014 Pontifex
1044 2951 1115 3012 sine
1144 2949 1204 3012 rei-

84 3050 233 3134 publicae
259 3048 455 3112 detrimento
480 3048 631 3111 assentiri
656 3069 723 3110 non
739 3056 858 3132 posset.
892 3047 1055 3112 Existimo
1072 3047 1204 3131 pariter,

83 3158 113 3211 ut
142 3147 250 3212 libere
279 3146 404 3230 loquar.
442 3166 508 3208 non
532 3144 597 3210 illis
621 3144 776 3208 omnibus
801 3144 1029 3225 Pontificibus,
1065 3166 1204 3229 quorum

80 3256 185 3310 aetate
212 3243 253 3306 de
278 3243 494 3306 convocando
521 3242 669 3307 Concilio
695 3245 856 3327 agitatum
881 3253 939 3323 est,
970 3242 1145 3327 placuisse,
1170 3252 1206 3306 ut

79 3341 240 3410 nonnulla
264 3337 410 3425 ipsoru'm
433 3341 522 3404 facta
546 3343 579 3403 in
605 3341 795 3425 hujusmodi
827 3341 992 3404 theatrum
1024 3339 1204 3424 prodirent,

79 3464 116 3504 ac
139 3439 322 3526 praecipue
340 3441 514 3523 propensio
531 3461 608 3523 erga
621 3440 792 3523 proprium
806 3441 1014 3522 sanguinem,
1039 3439 1074 3501 in
1091 3459 1206 3501 eorum

79 3537 248 3604 nonnullis
271 3535 370 3622 plane
393 3537 583 3601 immodica.
629 3537 710 3600 Erat
734 3538 823 3600 enim
854 3536 1049 3617 timendum,
1081 3558 1123 3598 ne
1147 3537 1205 3598 im-

79 3647 222 3722 portuna
247 3637 395 3720 quaestio
419 3637 635 3698 revivisceret
658 3635 699 3700 de
723 3636 955 3720 praerogativa
986 3635 1071 3697 inter
1094 3634 1204 3696 Ponti-

79 3735 175 3800 ficem
201 3755 240 3797 ac
267 3731 463 3814 Concilium,
499 3755 583 3818 quae
608 3734 649 3797 ob
675 3754 788 3796 eorum
822 3732 960 3796 dissidia
988 3753 1043 3796 eos
1075 3740 1205 3813 cogeret

79 3833 121 3898 ad
135 3830 324 3896 Concilium
350 3829 598 3896 dissolvendum
616 3853 692 3894 cum
707 3832 802 3915 gravi
820 3829 988 3894 Ecclesiae
1013 3829 1204 3892 offensione.

80 3931 124 3995 At
148 3930 191 3994 de
215 3940 344 3992 caetero
370 3929 458 4013 quod
475 3928 662 3994 Concilium
686 3929 875 3992 auctoritati
892 3926 1084 4012 pontificiae
1109 3924 1205 3988 detri-

80 4036 229 4092 mentum
253 4025 421 4090 illaturum
438 4027 562 4106 fuisset,
588 4047 798 4111 nequaquam
816 4033 885 4088 erat
899 4047 918 4088 a
934 4022 1204 4109 prudentioribus

156 4242 176 4309 ¹)
197 4239 311 4308 Gregor.
329 4239 460 4296 Nazianz.
481 4255 521 4306 ep.
541 4238 575 4291 ad
594 4237 753 4304 Procopium
772 4236 839 4307 (bb).

134 4341 277 4388 Jtrnssmann,
294 4340 482 4377 Dissertationes.
498 4340 562 4377 Tum.
581 4339 630 4376 Vll.
