3288 4900
400 456 435 510 96
721 455 879 510 XXXVIII.
897 456 938 508 De
957 454 1074 516 Concilio
1093 455 1260 510 Tridentino.
1307 505 1311 514 .

400 599 649 666 translationem
673 597 800 682 Synodi
824 609 1050 684 procurarent.
1098 599 1155 681 Hi,
1187 599 1351 664 mandato
1379 609 1516 683 accepto,

307 716 311 725 “
401 700 451 762 usi
476 707 552 764 sunt
577 697 660 761 falso
684 697 865 780 contagiosi
890 696 996 760 morbi
1016 717 1157 778 rumore,
1182 706 1282 782 atque
1305 697 1435 764 artibus
1457 697 1518 762 suis

401 796 559 881 majorem
584 796 719 859 Petrum
744 805 872 879 partem
896 815 934 858 eo
959 793 1182 876 adduxerunt,
1201 803 1244 858 'ut
1267 796 1437 878 suffragiis
1457 795 1518 860 suis

399 893 649 959 translationem
674 891 816 958 Conoilii
840 891 1095 972 decernerent&

480 985 544 1066 Ι46.
591 999 657 1066 sed
687 999 786 1085 plane
818 999 915 1062 aliter
938 1021 972 1064 se
995 998 1153 1062 habuisse
1170 1021 1216 1062 ¹ea
1240 1021 1326 1084 quae
1355 1001 1399 1064 ad
1423 1009 1515 1062 trans·

399 1098 557 1162 lationem
600 1097 742 1162 Conoilii
802 1106 953 1182 spectant
966 1147 975 1180 ,
1023 1119 1065 1160 ex
1115 1097 1327 1162 documentis
1370 1101 1516 1183 genuinis

400 1195 487 1260 clare
512 1195 686 1280 colligitur.
735 1195 860 1258 Verum
885 1204 942 1274 est,
978 1202 1049 1257 tum
1075 1193 1271 1259 Cardinales
1302 1195 1431 1280 legatos
1454 1207 1514 1259 tou

399 1294 597 1360 Pontificem
636 1295 768 1378 saepius
808 1293 849 1357 do
884 1291 1100 1356 translatione
1134 1292 1279 1356 Conoilii
1311 1295 1347 1358 in
1381 1294 1514 1379 aliquan

399 1393 516 1456 Italiae
540 1392 656 1455 urbem
682 1392 853 1474 cogitasse.
888 1391 928 1453 In
952 1392 1094 1473 gratiam
1108 1387 1353 1454 Germanorum
1371 1391 1516 1476 Synodus

399 1490 597 1554 Tridentum
629 1497 812 1554 convocata
842 1488 959 1568 fuerat,
993 1496 1027 1550 ut
1059 1487 1172 1550 aditus
1194 1486 1376 1552 Germanis
1396 1489 1515 1553 facilius

399 1598 527 1672 pateret
559 1597 592 1651 et
623 1588 847 1651 Protestantes
879 1585 921 1649 ad
948 1585 1136 1650 Concilium
1167 1585 1451 1672 frequentandum
1472 1587 1515 1651 ad·

400 1687 615 1766 ducerentur3
639 1685 697 1748 sed
721 1684 938 1748 nihilominus
962 1705 1024 1746 nec
1047 1681 1185 1768 praelati
1210 1705 1252 1746 ex
1276 1683 1462 1750 Germania
1482 1686 1512 1748 ad

400 1782 587 1847 Concilium
612 1791 778 1846 venerunt
797 1782 901 1844 variis
915 1780 1040 1847 detenti
1058 1783 1201 1862 motivis,
1227 1804 1289 1844 neo
1302 1782 1510 1847 Protestantos

398 1883 597 1946 Tridentum
613 1889 834 1946 accesserunt.
861 1879 1050 1943 Videbatur
1064 1889 1175 1944 autern
1194 1878 1385 1944 Concilium
1403 1881 1513 1945 ibidem

399 1989 637 2065 congregatum
668 1981 808 2042 nimium
840 1977 983 2040 induxui
1015 1979 1202 2062 expositum
1246 1999 1316 2046 esse
1364 1979 1514 2056 Caesaris,
1562 2011 1563 2016 κ

310 2067 313 2074 ’
398 2080 457 2164 qui
482 2077 662 2162 Oeniponti
693 2086 730 2140 ut
760 2076 940 2161 plurimum
973 2096 1181 2139 commorans
1213 2097 1265 2140 res
1289 2098 1331 2138 ex
1355 2087 1440 2140 nutu
1468 2097 1515 2140 suo

398 2177 544 2260 dirigere
579 2174 760 2258 satagebat,
797 2184 900 2259 atque
924 2173 1092 2258 Hispanos
1128 2175 1302 2258 episcopos
1337 2174 1403 2244 sibi
1431 2175 1515 2260 plane
1564 2175 1565 2184 ’

399 2275 585 2354 devinctos,
615 2273 683 2336 foro
708 2271 833 2335 dixeris
857 2270 1032 2355 subjectos,
1063 2269 1207 2335 tenebat.
1255 2271 1343 2335 Tum
1369 2277 1455 2336 ae'ris
1478 2274 1515 2335 in·
1564 2301 1565 2340 o

398 2373 586 2456 temperies,
611 2381 681 2433 tum
700 2370 846 2434 maxime
860 2367 948 2432 bella
965 2389 1040 2431 eum
1057 2367 1332 2450 Protestantibua,
1349 2393 1392 2433 ex
1409 2369 1514 2455 quibus
1564 2357 1565 2366 ¹

399 2468 548 2554 pericula
571 2465 802 2547 imminebant,
838 2465 949 2529 multis
980 2467 1143 2550 episcopis
1174 2465 1325 2529 taedium
1350 2490 1516 2532 commone·
1562 2449 1563 2466 Χ

396 2567 501 2630 tionis
529 2565 618 2629 illius
642 2566 837 2644 excitarant,
863 2565 928 2626 imo
953 2561 1143 2648 aliquando,
1177 2584 1254 2628 oum
1285 2563 1516 2630 haeretieorum

336 2659 343 2671 '
400 2665 565 2727 exereitus
588 2662 680 2726 haud
703 2661 819 2747 procul
844 2661 1014 2742 distarent,
1048 2683 1115 2724 non
1140 2663 1261 2745 paucis
1281 2684 1401 2726 verum
1424 2666 1516 2727 incus·

397 2749 512 2826 serant
534 2761 733 2840 terrorem.²)
783 2759 928 2843 Legatos
961 2760 1060 2822 etiem
1098 2757 1278 2843 pungebat,
1304 2762 1395 2846 quod
1426 2762 1516 2845 digni·

397 2870 501 2924 tatem
526 2881 620 2924 suam
636 2857 816 2944 periclitari
830 2857 997 2921 interdum
1009 2857 1189 2922 eredebant
1200 2879 1247 2937 eo,
1274 2859 1366 2943 quod
1377 2859 1515 2944 Synodus

401 2955 582 3022 haberetur
605 2960 640 3020 in
658 2957 794 3020 civitate
812 2957 865 3018 cui
882 2955 1117 3019 dominabatur
1129 2955 1323 3020 Madruoius
1341 2955 1515 3022 Cardinalis

400 3058 588 3142 Episcopus
611 3055 837 3118 Tridentinus.
884 3054 1082 3120 Praesertim
1113 3064 1288 3138 postquam
1322 3055 1411 3118 inter
1441 3056 1514 3118 lilon-

396 3163 515 3218 tanum
550 3153 697 3236 legatum
725 3163 824 3236 atque
848 3151 1059 3218 Madruoium
1095 3162 1128 3220 et
1150 3152 1315 3214 Paoocum
1351 3154 1387 3218 in
1421 3153 1513 3237 aliqua

475 3423 494 3487 ¹)
514 3419 586 3476 Hist.
607 3419 642 3474 du
663 3417 770 3474 Conoile
789 3417 821 3470 de
840 3417 949 3481 Trente,
969 3416 1000 3476 L.
1020 3416 1058 3472 ΙΙ.
1078 3433 1104 3488 p.
1126 3419 1187 3476 240.
1208 3417 1326 3473 Versiou
1346 3418 1475 3478 d’Amelot
1490 3415 1514 3466 de

398 3504 428 3556 la
446 3501 587 3555 Houssaie.
626 3499 795 3552 Amsterdam
818 3499 893 3550 1699.
934 3550 937 3555 ,

474 3600 497 3668 ²³)
517 3600 603 3665 Quum
623 3597 723 3650 Paulus
736 3596 780 3650 Ill
798 3595 889 3659 vellet,
909 3602 941 3649 ut
960 3595 1084 3650 Tridenti
1105 3595 1230 3667 Synodus
1251 3596 1460 3651 continuaretur
1473 3606 1514 3644 noo

398 3681 527 3734 obstante
547 3694 580 3732 ex
598 3677 678 3731 bellis
697 3675 821 3743 periculo,
843 3675 993 3741 „Cervinus
1015 3675 1125 3744 llaffejo
1145 3691 1177 3728 ea
1196 3691 1250 3741 qua
1268 3675 1376 3730 solebat
1394 3671 1516 3729 familiari·

400 3765 460 3812 tate
478 3757 653 3826 significavit,
672 3772 701 3810 se
723 3757 830 3822 quidem
849 3756 1081 3822 obtemperaturos
1107 3762 1139 3808 ut
1158 3757 1203 3821 qui
1222 3771 1276 3808 non
1295 3761 1386 3814 metus
1405 3753 1512 3822 impulso,
1562 3781 1563 3818 3

398 3839 448 3893 sed
466 3855 548 3894 suasu
579 3837 715 3892 libertatis
744 3852 776 3890 ee
795 3835 976 3902 scripseram
1003 3843 1168 3904 suggereret
1187 3843 1279 3894 tamen
1298 3835 1347 3894 ille
1366 3835 1514 3894 considerau-

398 3920 464 3974 dum
482 3917 616 3982 Pontifici,
645 3932 777 3982 quaenam
796 3916 920 3970 Caesaris
947 3915 1045 3970 armati
1073 3921 1166 3982 partes
1194 3916 1222 3974 iu
1251 3922 1390 3982 posterum
1420 3916 1512 3968 futurae

399 4005 500 4063 essent,
520 3997 647 4050 nimirum
667 3995 786 4050 Concilio
806 3996 881 4064 leges
894 3995 965 4060 dare,
985 4000 1091 4049 essetne
1104 3996 1137 4049 de
1150 3995 1325 4062 dogmatibus
1338 3992 1512 4064 disputandum
1562 4041 1563 4050 ¹

405 4094 500 4142 neone,
521 4093 610 4144 quave
629 4076 736 4128 ratione
755 4077 787 4128 de
806 4091 838 4128 ea
857 4074 916 4142 ipsa
934 4091 964 4128 re
983 4075 1131 4142 agendmm
1151 4091 1200 4128 neo
1212 4091 1289 4141 posse
1302 4077 1432 4144 repulsam
1448 4069 1511 4124 reddi

403 4164 436 4213 ut
464 4165 554 4212 actum
585 4157 677 4210 fuerat
705 4171 787 4221 quum
812 4155 912 4208 Caesar
939 4170 987 4222 per
1004 4155 1136 4208 Nuntium
1164 4170 1214 4208 sua
1244 4163 1311 4208 vota
1338 4151 1511 4224 patefecerat.“

319 4245 329 4257 '
403 4239 534 4292 Pallavic.
554 4237 584 4293 L.
604 4237 682 4292 VHl.
703 4235 731 4290 Ο.
751 4236 784 4288 V.
808 4251 833 4291 n.
853 4236 878 4290 5.
903 4239 907 4250 ⁸
