3288 4900
420 506 473 558 100
734 503 891 560 XXXVIII.
910 504 951 558 De
968 504 1088 559 Concilio
1106 504 1273 561 Tridentino.

420 647 645 728 consulerent3
671 647 730 711 sed
754 648 832 712 dein
856 670 959 734 quum
984 648 1168 733 pericnlum
1193 649 1228 711 in
1252 670 1344 712 mora
1369 671 1438 712 esse
1460 650 1529 734 ipsis

418 745 598 828 videretur,
621 748 702 832 quia
725 746 835 830 plures
859 748 1007 831 episcopi
1023 747 1182 811 Tridento
1208 768 1286 810 mox
1310 746 1527 826 discesserunt,

418 845 474 909 alii
498 845 736 930 profectionem
762 844 940 929 parabant,
975 853 1007 907 et
1031 845 1221 908 commercii
1245 845 1456 908 interdictum
1480 847 1526 907 im·

418 942 576 1021 minabat,
606 944 656 1006 usi
681 952 758 1006 sunt
780 941 995 1006 facultatibus
1014 943 1086 1027 jam
1111 952 1210 1007 antea
1233 965 1253 1006 a
1274 943 1437 1008 Pontifice
1459 943 1523 1026 ipsis

418 1042 594 1106 concessis,
642 1040 705 1104 Die
726 1041 764 1104 9⁰
780 1041 892 1104 Martii
917 1042 952 1103 in
975 1039 1121 1123 generali
1138 1037 1413 1123 Congregatione,
1438 1061 1522 1125 quun

412 1138 484 1223 jam
509 1137 684 1202 duodecim
708 1138 823 1201 Patres
855 1139 1071 1223 permissione
1100 1137 1287 1202 nullatenus
1310 1138 1447 1202 obtenta
1469 1160 1523 1222 pro·

416 1237 493 1300 fecti
527 1247 644 1317 essent,
677 1257 846 1321 quumque
870 1236 990 1300 medici
1023 1236 1133 1322 plures
1164 1237 1260 1320 periti
1290 1236 1355 1300 luis
1382 1256 1523 1321 propaga-

416 1336 540 1398 tionem
565 1335 739 1398 imminere
758 1335 960 1419 judicarent,
987 1335 1027 1399 de
1051 1333 1266 1399 translatione
1290 1336 1463 1398 instituere
1485 1335 1524 1397 de·

416 1431 659 1496 liberationem.
706 1432 747 1496 Ei
773 1432 979 1497 obsistebant
994 1432 1191 1496 Caesareani
1217 1433 1302 1496 duce
1318 1432 1447 1496 Paceco
1464 1432 1525 1496 Car-

415 1530 519 1594 dinali
552 1529 803 1612 contendentes,
835 1529 983 1616 pericula
1011 1530 1090 1595 talia
1115 1552 1157 1594 ex
1180 1529 1295 1594 morbo
1320 1552 1387 1594 non
1412 1531 1519 1596 adesse.

414 1627 528 1692 Altera
560 1628 613 1691 die
646 1629 764 1692 iterum
789 1651 840 1692 res
865 1629 1014 1693 discussa
1038 1631 1145 1692 estin
1169 1629 1314 1692 sessione
1338 1639 1468 1710 octava,
1494 1651 1520 1691 ao

414 1725 583 1790 decretum
622 1726 846 1791 translationis
877 1749 897 1790 a
929 1723 1099 1790 Cardinali
1124 1727 1281 1790 Montano
1322 1729 1513 1812 propositnn.

412 1824 593 1908 Postquam
610 1824 731 1907 singuli
748 1825 863 1889 Patres
886 1824 1052 1910 protulere
1069 1826 1248 1888 sententias
1264 1846 1341 1888 suas
1354 1824 1516 1888 rationibus

413 1923 630 2002 convestitas,
673 1923 786 2006 jussus
822 1931 872 1986 est
909 1921 1119 1987 Massarellus
1155 1919 1295 1986 Concilii
1343 1924 1519 1986 secretarius

412 2021 570 2102 suffragia
595 2019 758 2103 colligere,
791 2030 828 2084 ut
859 2042 973 2084 eorum
996 2042 1154 2083 numerus
1178 2019 1294 2082 haberi
1318 2029 1441 2104 posset.
1481 2019 1521 2082 lix,

412 2118 655 2203 quinquaginta
679 2140 737 2181 sex
760 2118 916 2182 Patribus
946 2119 1002 2203 qui
1030 2127 1112 2181 tunc
1134 2118 1274 2181 aderant
1304 2118 1521 2200 trigintaocto
1560 2127 1561 2136 ¹

411 2217 556 2300 (praeter
579 2215 717 2299 legatos)
749 2216 999 2281 translationem
1031 2218 1102 2280 sine
1126 2218 1323 2301 exceptione
1348 2215 1521 2302 comproba·
1560 2247 1561 2262 ι

409 2325 496 2390 runt,
529 2314 782 2399 quatuordecim
806 2313 992 2392 noluerunt,
1027 2315 1117 2398 iique
1141 2336 1255 2378 omnes
1284 2323 1418 2397 praeter
1441 2314 1521 2376 Fesu-
1560 2337 1561 2360 ³

409 2411 523 2474 lanum
538 2409 672 2480 Caesari
689 2411 825 2493 addicti,
849 2412 913 2476 duo
930 2410 1129 2492 dubitanter,
1155 2412 1220 2476 duo
1236 2433 1295 2497 per
1312 2413 1519 2476 conditionem
1560 2389 1561 2432 l

409 2507 512 2572 locuti
537 2520 622 2574 sunt.
670 2508 796 2572 Verum
821 2519 951 2595 praeter
974 2511 1111 2593 triginta
1135 2519 1218 2590 octo,
1243 2507 1368 2594 quibus
1385 2511 1519 2593 migratio

408 2606 622 2692 probabatur,
648 2606 799 2671 nonnulli
823 2608 1068 2692 refragantibus
1093 2607 1311 2688 affirmarunt,
1338 2631 1374 2672 se
1391 2606 1436 2671 illi
1459 2629 1517 2668 con·

408 2727 571 2784 sensuros,
597 2704 654 2767 ubi
680 2704 835 2768 voluntas
859 2704 1029 2768 Pontificis
1053 2703 1287 2790 accessisset.1)

488 2802 541 2866 51.
566 2802 641 2865 Hac
655 2804 689 2866 in
702 2825 736 2866 re
747 2805 859 2866 omnia
870 2802 1017 2886 legitime
1030 2811 1164 2887 peracta
1175 2824 1255 2883 esse,
1273 2825 1315 2866 ex
1324 2802 1518 2867 dictismani-

405 2901 528 2964 festum
553 2911 610 2981 est,
636 2923 698 2964 nec
722 2899 934 2964 fraudulenta
958 2899 1069 2986 aliqua
1093 2899 1307 2983 machinatio,
1334 2904 1383 2965 uti
1400 2901 1518 2984 b'arpius
1558 2919 1559 2962 t

405 2997 511 3083 fingit,
537 3000 571 3062 in
595 2997 810 3062 translatione
834 2999 1024 3080 intervenit,
1049 2997 1106 3062 sed
1131 3020 1173 3061 ex
1197 2999 1372 3084 inopinato
1397 2996 1517 3063 invales-

406 3107 500 3160 cente
525 3096 639 3160 morbo
664 3095 837 3162 translatio
863 3095 995 3159 decreta
1019 3106 1077 3160 est.
1117 3095 1155 3158 In
1181 3117 1303 3160 arcana
1329 3096 1463 3182 epistola
1482 3091 1510 3156 ad

406 3193 619 3258 Cardinalem
644 3195 851 3275 Farnesium,
883 3216 949 3257 una
983 3216 1058 3257 cum
1089 3193 1271 3278 legatorum
1304 3195 1423 3259 litteris
1446 3213 1507 3257 con·

405 3293 562 3356 munibus
587 3294 688 3355 missa
712 3291 881 3355 decretum
906 3291 1131 3354 translationis
1154 3292 1433 3374 significantibus,
1456 3289 1504 3353 Cer·
1557 3325 1558 3328 =

404 3392 504 3454 vinus
536 3389 719 3454 scribebat:
765 3389 851 3463 Quid
873 3390 962 3454 Dens
992 3391 1031 3453 de
1055 3391 1113 3454 buc
1137 3388 1265 3476 Synodo
1297 3393 1453 3466 statuerit,
1482 3406 1507 3447 tt

404 3489 616 3553 communibus
647 3489 762 3552 littaris
796 3510 967 3574 cognosces,
1002 3488 1040 3550 de
1065 3510 1124 3572 quo
1155 3487 1236 3551 nibil
1269 3486 1363 3551 aliud
1395 3486 1509 3573 affirma

403 3588 469 3648 nisi
497 3609 614 3650 meram
637 3587 701 3650 Dei
732 3609 810 3672 opus
838 3584 996 3672 planeque
1028 3584 1216 3648 miraculum
1245 3585 1281 3648 td
1306 3585 1453 3671 fuisse.²)
1479 3616 1507 3626 -
1556 3637 1557 3676 ,

404 3684 562 3748 Tridento
596 3684 696 3769 legati
721 3684 901 3748 discessere
931 3683 984 3748 die
1010 3684 1068 3746 12⁰
1092 3684 1203 3746 Martii
1236 3706 1265 3748 a.
1293 3683 1379 3747 1547
1409 3695 1510 3762 eosque
1556 3679 1557 3702 ³

402 3781 588 3844 Bononiam
613 3783 717 3844 secuti
743 3790 820 3845 sunt
844 3781 959 3844 Patres
983 3782 1040 3865 qni
1063 3780 1314 3844 translationem
1339 3775 1509 3864 comproba·

402 3889 498 3957 runt,
538 3878 633 3941 brevi
670 3889 743 3964 post
774 3882 874 3942 etiam
898 3877 1083 3942 Fesulanus
1116 3899 1150 3941 se
1175 3879 1215 3942 iis
1243 3879 1369 3963 junxit,
1403 3875 1508 3956 aliique

477 4126 498 4190 ι)
518 4127 551 4183 V.
570 4125 732 4179 Pallavicini
752 4125 786 4178 H.
801 4125 829 4182 C.
843 4126 873 4178 T.
893 4124 923 4181 L.
936 4125 985 4178 IX.
1005 4124 1033 4178 C.
1047 4122 1234 4189 XIll-Xl713
1254 4120 1384 4189 Raynaldi
1403 4112 1509 4170 Annales

402 4222 426 4260 a.
449 4208 517 4259 1547
538 4222 563 4262 u.
583 4207 698 4260 46-56.

475 4297 497 4366 ¹⁴¹)
517 4295 645 4348 Pallavic.
666 4293 695 4348 L.
716 4293 763 4349 [X.
784 4293 812 4350 (J.
832 4293 910 4346 XllI.
929 4310 955 4350 n.
975 4295 1000 4350 3.
