3288 4900
500 482 613 536 Consilii
632 483 757 550 periodus
777 485 871 552 prima.
1213 490 1246 540 97

143 622 389 709 Congregatione
422 629 587 689 contentio
613 626 792 691 vehemens
817 638 930 692 exorta
955 638 1004 692 est
1032 614 1108 694 cum
1132 633 1248 695 inutua

143 721 248 785 offensa
282 744 350 786 non
384 723 552 804 mediocri,
593 724 790 789 Tridentum
825 726 919 790 sedes
950 725 1099 792 Concilio
1137 731 1248 793 minus

141 830 202 902 apta
225 819 413 885 videbatur.
460 821 523 886 Vel
547 824 617 907 ipse
642 823 835 888 Madrucius
859 833 939 887 tunc
963 825 1089 889 veritus
1113 847 1154 889 ne
1184 827 1248 890 ista

141 939 172 978 ex
192 941 223 980 re
246 921 402 1002 graviora
427 920 490 984 sibi
516 922 729 1004 provenirent
752 920 973 1004 incommoda,
999 923 1247 988 translationem

140 1037 319 1098 promovere
343 1017 479 1082 studuit.
526 1017 607 1081 Erat
635 1028 805 1103 praeterea
838 1020 1000 1084 motivum
1024 1042 1126 1104 grave
1158 1021 1247 1107 quod

139 1113 267 1196 Legatos
292 1115 470 1195 excitabat,
505 1126 541 1179 ut
566 1114 705 1179 Consilii
736 1117 985 1181 translationem
1011 1117 1247 1184 desiderarent.

140 1209 391 1278 Considerabaut
429 1215 490 1298 ipsi
522 1213 617 1277 Pauli
648 1214 700 1278 lll
738 1216 941 1299 decrepitam
972 1225 1128 1297 aetatem,
1168 1226 1248 1281 tuno

139 1313 170 1388 (a.
199 1310 299 1394 1546)
336 1321 403 1374 tam
438 1311 560 1375 crebris
596 1311 721 1376 morbis
753 1312 947 1395 laborantis,
985 1323 1021 1376 ut
1055 1337 1120 1378 non
1154 1315 1250 1380 brevi

139 1407 239 1490 solum,
265 1409 323 1472 sed
348 1412 383 1473 in
408 1419 572 1473 momento
598 1409 748 1486 obiturus
773 1411 952 1495 videretur.
977 1410 1246 1498 Arbitrabantur,

137 1507 157 1567 si
185 1509 380 1592 persistente
417 1505 565 1572 Concilio
607 1509 678 1593 ejus
716 1531 802 1572 mors
835 1509 1027 1591 accidisset,
1062 1510 1246 1576 Ecclesiam

136 1603 312 1668 schismatis
345 1605 523 1669 discrimen
556 1607 751 1674 subituram.
806 1608 937 1671 Etenim
973 1609 1032 1672 etsi
1068 1608 1248 1694 diplomate

137 1713 259 1766 cautum
283 1701 326 1766 ab
351 1726 387 1767 eo
415 1707 531 1786 luerat,
556 1715 592 1768 ut
617 1707 651 1768 in
676 1727 713 1768 eo
739 1728 870 1791 quoque
895 1716 1017 1790 eventu
1042 1728 1142 1791 penes
1158 1707 1248 1772 Vati·

136 1823 244 1864 canum
284 1812 434 1866 senatum
467 1803 551 1866 foret
585 1803 701 1867 electio
738 1805 879 1868 Romani
913 1803 1101 1886 Pontificis,
1135 1815 1247 1869 tamen

135 1898 313 1963 Concilium
337 1903 371 1963 in
395 1900 530 1964 alterius
554 1901 681 1964 domini
706 1901 830 1965 ditione
855 1902 965 1983 situm,
998 1911 1030 1964 at
1057 1902 1248 1988 faventibus

135 2000 255 2082 negotio
279 1998 416 2061 fortasse
440 1998 587 2082 profanis
611 1999 828 2084 principibus,
855 1999 1078 2063 dubitandum
1103 2009 1181 2082 erat,
1207 2023 1248 2064 ne

134 2094 214 2158 litem
229 2099 417 2177 intentaret,
442 2095 671 2182 refelleretque
686 2096 775 2180 illam
794 2099 999 2184 sanctionem
1015 2100 1109 2182 qhasi
1121 2099 1247 2162 irritam

133 2206 159 2256 et
180 2217 237 2258 suo
257 2194 327 2280 juri
351 2195 537 2275 adversam,
562 2197 755 2279 praesertim
779 2195 822 2259 ad
852 2195 885 2259 id
915 2197 1073 2279 temporis
1100 2195 1247 2276 relatam,

133 2314 188 2376 quo
214 2293 303 2358 nullo
328 2294 363 2356 in
388 2293 545 2356 cathedra
571 2293 658 2356 Petri
688 2293 832 2374 sedente,
865 2292 1037 2357 obtinebat
1062 2293 1248 2357 Corroilium

133 2390 309 2455 absolutam
334 2390 482 2476 nullique
506 2391 689 2476 subjectam
709 2390 988 2475 jurisdictionem,
1021 2414 1082 2455 nec
1106 2391 1249 2477 amplius

134 2489 363 2553 adnectebatur
387 2487 507 2573 Capiti,
533 2489 621 2574 quod
645 2490 680 2552 in
711 2491 820 2573 ipsum
850 2499 1048 2574 potestatem
1080 2501 1249 2553 exerceret

135 2588 293 2674 ipsiusque
312 2596 505 2672 potestatem
523 2587 760 2651 moderaretur.
793 2587 883 2650 Hinc
899 2587 1009 2670 legati,
1024 2610 1063 2650 ae
1070 2589 1249 2674 praecipue

135 2683 288 2749 Cervinus
321 2687 369 2748 rei
401 2684 601 2748 christianae
640 2685 749 2748 studio
783 2684 1075 2768 flagrantissimus,
1116 2707 1248 2750 omnem

136 2783 305 2846 movebant
327 2783 483 2867 lapidem,
518 2794 552 2846 ut
575 2793 688 2846 tantae
713 2781 799 2846 cladi
825 2792 959 2846 cautum
978 2793 1077 2868 esset,
1112 2782 1247 2866 Synodo

137 2881 178 2945 vel
202 2903 239 2946 eo
264 2882 427 2962 traducta,
453 2881 511 2945 ubi
532 2874 555 2944 'a
570 2883 605 2943 vi
622 2880 772 2966 adeoque
789 2879 831 2944 ab
847 2882 1043 2944 auctoritate
1059 2883 1247 2966 principum

140 2991 338 3044 externorum
363 2989 448 3042 esset
471 2976 586 3061 libera,
613 2988 644 3042 et
667 2979 792 3042 Romae
818 2978 990 3042 Vaticanis
1016 2977 1170 3042 Patribus
1195 2978 1248 3042 ob·

137 3081 323 3164 sequentior,
364 3077 416 3141 vel
450 3079 613 3162 tantisper
647 3099 816 3162 suspensa,
854 3076 933 3140 dum
967 3099 1076 3140 rerum
1102 3076 1247 3140 conditio

134 3187 307 3240 mutaretur
347 3197 517 3260 novusque
541 3175 696 3239 Pontifex
726 3174 878 3238 firmioris
903 3174 1104 3238 valetudinis
1139 3197 1246 3238 succo-

134 3273 226 3355 deret,
252 3275 304 3338 vel
330 3273 446 3338 eadem
472 3295 529 3357 per
553 3296 676 3358 paucas
701 3274 861 3336 sessiones
885 3273 979 3336 brevi
1004 3271 1193 3354 absoluta.¹)

188 3376 265 3440 lt.
313 3372 436 3436 Paulus
460 3371 513 3434 III
543 3372 666 3454 pariter
697 3371 738 3434 ob
770 3370 881 3456 aliqua
913 3393 954 3434 ex
978 3368 1029 3432 his
1054 3391 1138 3454 quae
1163 3391 1247 3434 eorn-

133 3473 384 3536 memoravimus
408 3471 542 3533 motivis
566 3471 668 3532 satius
696 3468 875 3550 habuisset,
901 3479 937 3531 ut
954 3469 988 3530 in
1005 3466 1116 3551 aliqua
1132 3467 1247 3531 ltaliae

132 3567 207 3632 urbe
226 3567 414 3633 Concilium
439 3567 624 3646 haberetur,
649 3569 842 3652 praesertim
868 3576 903 3629 ut
927 3588 946 3628 a
971 3565 1121 3629 Caesaris
1146 3565 1247 3629 domi-

1281 3376 1346 3416 Pauli
1360 3377 1395 3416 111

1303 3450 1367 3480 mens

131 3669 258 3730 natione
282 3676 367 3730 esset
391 3667 548 3746 immune,
574 3674 675 3749 utque
691 3665 802 3728 omnia
818 3662 1076 3748 perturbationis
1101 3662 1247 3747 pericula
1330 3719 1333 3727 .

131 3775 367 3828 amoverentur.
415 3762 541 3826 Tamen
573 3784 693 3846 magna
724 3783 799 3825 cum
836 3761 1012 3845 prudentia
1045 3762 1080 3822 in
1116 3761 1178 3822 ista
1212 3782 1247 3822 ue

131 3861 335 3943 procedebat,
372 3881 473 3945 quum
506 3881 547 3922 ex
580 3859 683 3922 altera
716 3868 808 3944 parte
842 3856 1015 3922 Caesarem
1049 3879 1115 3920 non
1149 3856 1248 3920 vellet

131 3958 300 4040 offendere,
334 3958 392 4022 sed
416 3958 486 4042 ejus
510 3959 596 4020 votis
621 3968 782 4042 quantum
807 3977 950 4041 aequum
983 3977 1022 4018 ac
1045 3965 1152 4018 tutum
1178 3965 1247 4018 erat

132 4053 271 4143 obsequi.
303 4056 439 4140 Legatis
459 4055 637 4141 diplomate
663 4065 856 4140 potestatem
881 4053 1003 4116 fecerat
1026 4052 1246 4117 transferendi

133 4197 339 4208 m—

200 4278 218 4340 ¹)
238 4277 293 4333 Cfr.
313 4275 441 4330 Pallavic.
461 4275 492 4332 L.
511 4276 588 4330 VIII.
609 4275 636 4329 C.
657 4275 716 4330 XV.
736 4291 762 4328 n.
782 4276 807 4328 2.

183 4376 319 4427 Jungrnann,
334 4377 523 4416 Dissertationes.
552 4377 618 4416 Tem.
635 4375 683 4416 VII.
