2964 4912
359 475 399 528 De
419 475 622 530 Constitutione
645 476 817 546 [tripertitas.
1099 477 1151 530 297

46 633 132 681 states
146 619 267 683 saeculi
283 619 547 700 contumeliosas,
573 619 754 699 seditiosas,
779 622 909 704 impias,
931 620 1152 707 blasphemas,

46 726 199 800 suspectas
228 718 269 782 de
293 717 421 781 haeresi
445 740 485 781 ac
508 717 671 781 haeresim
696 721 802 802 ipsam
828 721 1009 804 sapientes,
1042 719 1153 783 haere·

45 813 124 877 sibus
147 824 179 877 et
195 815 366 879 schismati
381 815 541 898 faventes,
566 817 743 900 variasque
758 816 919 898 haereses,
944 819 1152 902 potissimum

45 934 91 974 eas
120 915 261 997 quaein
286 913 421 977 famosis
444 914 595 978 Jansenii
628 914 908 999 propositionibus
941 916 1154 980 contineban-

44 1019 89 1071 tur
110 1010 282 1075 manifeste
306 1013 512 1075 innovantes.

121 1108 172 1172 87.
211 1109 382 1172 Pontificis
405 1107 536 1172 Bullam
568 1130 682 1172 omnes
713 1108 838 1194 ubique
863 1112 1010 1195 episcopi
1043 1111 1156 1174 debita

42 1227 107 1268 cum
142 1205 333 1271 obedientia
369 1216 400 1270 et
429 1215 588 1292 tanquam
622 1206 848 1290 dogmaticum
872 1207 1042 1272 Ecclesiae
1067 1207 1157 1292 judi-

42 1304 121 1366 cium
152 1314 389 1390 susceperunt,
425 1305 529 1389 aliqui
560 1314 671 1369 tamen
697 1307 844 1391 episcopi
877 1308 913 1370 in
937 1303 1047 1371 Gallia
1080 1328 1156 1369 cum

39 1401 231 1466 lansenistis
262 1404 293 1466 ei
316 1403 474 1487 refragati
499 1414 592 1484 sunt,
629 1412 728 1488 atque
753 1403 875 1467 exinde
907 1405 1023 1488 ingens
1047 1426 1156 1467 rerum

40 1498 173 1564 turbatio
207 1509 279 1564 orta
312 1511 370 1566 est.
417 1501 491 1564 Hoc
524 1502 559 1564 in
593 1502 726 1584 negotio
759 1502 823 1564 ista
854 1501 945 1565 fuere
978 1504 1159 1587 praecipua

40 1597 169 1679 effugia:
208 1598 245 1660 1⁰
269 1597 448 1661 Distinctio
473 1599 560 1661 inter
588 1602 646 1686 jas
669 1606 702 1662 et
723 1598 851 1683 factam
887 1603 1032 1682 (sensum
1057 1599 1158 1679 Ques·

41 1694 119 1775 nelli)
143 1695 379 1788 adhibitapest.
429 1695 466 1760 2⁰
486 1695 693 1779 Praetextus,
718 1695 859 1779 Bullam,
885 1719 987 1782 quum
1010 1721 1075 1762 noo
1095 1701 1159 1762 aiu-

39 1791 166 1872 pillutim
189 1803 226 1856 ut
247 1795 422 1857 baereticae
453 1792 510 1856 sad
534 1794 568 1855 in
592 1791 683 1879 plobo
713 1795 954 1878 propositiones
978 1795 1160 1878 damnaret,

41 1910 96 1952 non
119 1900 156 1953 ut
181 1892 422 1976 dogmaticam,
448 1891 506 1954 sed
531 1900 569 1953 ut
592 1889 839 1976 disciplinarcm
864 1891 1054 1957 habendam
1078 1917 1159 1972 esse,

41 2009 75 2049 ac
103 1988 257 2052 sufficere
289 1988 457 2053 silentium
494 1988 738 2074 obsequiosum.
788 1990 827 2052 3⁰
849 1989 979 2054 Bullam
1013 2013 1083 2055 esse
1108 1991 1161 2055 ob-

41 2106 163 2149 scuram
201 2096 234 2149 et
259 2087 409 2171 indigere
441 2109 530 2151 nova
564 2085 797 2171 explicatione.
843 2088 923 2151 Mox
947 2111 1025 2153 vero
1061 2092 1160 2155 etiam
1217 2167 1220 2172 ¹

41 2185 190 2252 maximis
215 2187 373 2249 convitiis
387 2183 587 2250 Constitutio
612 2182 654 2247 ab
679 2183 879 2249 adversariis
903 2187 1023 2258 affecta
1042 2197 1100 2253 est.
1118 2225 1160 2236 —

39 2279 226 2346 [rudovicus
250 2283 334 2346 XIV
357 2283 488 2347 Bullam
517 2282 634 2346 eodem
657 2303 745 2345 anno
772 2283 874 2364 1713,
901 2306 965 2368 quo
989 2284 1078 2349 edita
1102 2297 1160 2369 est,

41 2382 204 2464 proposuit
237 2381 532 2466 quadragintaocto
569 2381 733 2466 episcopis
766 2380 902 2445 Parisiis
940 2385 1160 2467 congregatis,

41 2497 173 2560 quorum
199 2480 421 2564 quadraginta
446 2501 519 2544 eam
536 2481 770 2543 incunctanter
785 2490 1017 2564 acceptarunt,
1042 2481 1161 2566 reliqui

41 2586 125 2655 octo,
159 2599 302 2663 quorum
327 2579 397 2642 dux
420 2588 491 2642 erat
516 2577 704 2642 Cardinalis
728 2578 769 2642 de
792 2578 955 2661 NoailleS,
987 2581 1161 2642 contestati

41 2684 130 2757 sunt,
167 2677 327 2761 quoniam
352 2677 592 2762 propositiones
617 2675 794 2739 damnatae
827 2678 926 2740 etiam
951 2677 1024 2740 sani
1048 2699 1164 2748 sensus

42 2795 175 2856 capaces
201 2784 321 2856 essent,
346 2798 380 2838 se
405 2776 537 2840 nonnisi
563 2773 624 2837 sub
646 2776 743 2837 certis
759 2772 1016 2856 conditionibus,
1042 2774 1164 2859 quibus

41 2891 212 2952 perversus
230 2894 343 2936 eorum
360 2894 475 2937 sensus
493 2872 696 2954 definiretur,
717 2870 848 2935 Bullam
865 2881 1039 2957 acceptare
1056 2894 1162 2957 posse.

41 2967 236 3054 Rogandum
260 2991 331 3034 esse
347 2970 554 3053 Pontificem,
579 2979 616 3032 ut
639 2971 710 3053 lpse
730 2969 892 3054 ejusmodi
908 2969 1164 3054 explicationem

1169 1097 1297 1138 Commotio

1201 1169 1243 1198 exo
1282 1186 1288 1197 .

41 3066 147 3131 ederet
172 3077 206 3132 et
231 3068 329 3132 simul
353 3068 493 3152 singulis
518 3066 798 3152 propositionibus
820 3068 1073 3131 convenientem
1092 3091 1165 3133 cen·

41 3186 147 3229 suram
174 3166 384 3251 adjungeret.
431 3166 515 3231 Octo
540 3166 704 3250 episcopis
728 3165 974 3249 opponentibus
1007 3165 1084 3230 dein
1108 3166 1165 3230 alii

42 3274 164 3346 septem
190 3286 225 3327 se
248 3264 468 3345 addixerunt,
502 3261 559 3326 sed
584 3263 794 3346 septuaginta
819 3285 852 3326 se
878 3263 1066 3347 junxerunt
1088 3287 1165 3350 qua-

40 3359 195 3446 draginta
230 3363 396 3446 episcopis
429 3362 619 3424 memoratis
653 3369 685 3423 et
709 3359 987 3425 Constitutionem
1016 3372 1166 3447 accepta·

42 3473 114 3522 runt
147 3483 187 3524 ac
213 3459 517 3544 promulgaverunt.
564 3460 595 3522 A
620 3457 721 3522 Curia
753 3482 811 3523 seu
834 3459 1044 3524 Parlamento
1075 3461 1166 3525 Pari-

42 3558 139 3622 siensi
177 3559 301 3644 pariter
333 3559 420 3640 regis
453 3557 610 3621 mandato
644 3556 741 3620 Bulla
774 3559 861 3621 inter
892 3556 981 3641 leges
1015 3558 1167 3643 publicas

43 3654 143 3719 relata
168 3665 235 3738 est,
270 3655 327 3720 sed
352 3678 428 3719 cum
454 3655 597 3740 quadam
622 3654 770 3719 clausula
798 3656 959 3720 offensiva
991 3658 1025 3720 in
1050 3657 1167 3721 Roma·

43 3773 119 3816 num
145 3753 355 3838 Pontificem,
379 3776 445 3839 qua
468 3753 636 3816 libertates
660 3761 852 3838 praetensas
868 3750 1069 3836 Gallicanas,
1090 3754 1169 3840 jura

44 3871 201 3933 coronae,
228 3862 260 3915 et
282 3860 477 3937 potestatem
502 3872 541 3913 ac
560 3849 829 3935 jurisdictionem
854 3851 1075 3936 episcopalem
1100 3861 1168 3915 tue-

43 3946 174 4015 bantur.
220 3951 333 4014 Etiam
357 3948 523 4030 Sorbona,
558 3971 623 4013 non
649 3948 801 4014 obstante
832 3949 1040 4034 oppositione
1064 3948 1168 4012 archi-

44 4049 201 4132 episcopi,
226 4047 357 4112 Bullam
375 4069 417 4110 ex
433 4046 591 4111 mandato
608 4048 699 4130 regio
712 4047 922 4132 acceptavit3
947 4047 1041 4110 initio
1056 4055 1168 4110 tamen

45 4144 195 4209 doctores
228 4147 268 4209 31
307 4155 421 4209 contra
446 4145 487 4208 97
523 4146 731 4227 restiterunt,
765 4154 797 4207 et
831 4133 1028 4229 paulopost
1059 4142 1169 4228 plures

46 4241 193 4307 doctores
217 4265 319 4328 quum
344 4242 494 4307 invalida
518 4263 588 4305 esse
613 4241 746 4305 decreta
769 4240 952 4322 edicerent,
978 4263 995 4304 e
1020 4239 1169 4304 Sorbona
