2964 4912
321 481 374 536 362
576 482 646 536 XLI.
684 482 724 535 De
742 481 932 536 Declaratioue
951 481 1023 536 cleri
1042 481 1185 536 Gallicani.

321 647 390 690 rem
423 627 583 690 acerrime
613 637 760 710 urgeret,
796 635 909 690 tamen
933 647 1034 711 quum
1066 634 1141 709 post
1163 623 1285 689 multos
1313 623 1429 687 labores

322 724 375 788 die
402 725 462 789 15⁰
484 724 584 790 Junii
610 725 648 788 iu
678 725 934 808 congregatione
964 723 1137 787 doctorum
1168 723 1326 806 suffragia
1356 720 1429 784 oolli-

320 821 430 904 genda
454 831 573 903 essent,
597 822 765 907 praevidit
788 822 948 906 syndicus
972 822 1042 907 ejus
1063 821 1163 902 Pirot,
1187 821 1258 886 fore
1281 830 1318 883 ut
1340 818 1431 903 major

319 941 396 1005 pars
420 930 535 984 votum
568 922 769 984 contrarium
802 920 904 985 daret.
952 919 1035 984 Inde
1059 919 1183 984 infecta
1206 941 1241 982 re
1274 918 1430 999 negotium

320 1017 363 1081 ad
397 1017 485 1081 diem
515 1026 708 1102 sequentem
742 1017 880 1082 distulit.
927 1017 993 1083 Sed
1027 1039 1129 1102 quum
1162 1037 1275 1100 regem
1308 1015 1432 1100 ejusque

321 1117 488 1180 ministros
520 1115 561 1179 de
584 1118 631 1180 rei
665 1124 752 1179 statu
776 1117 931 1180 certiores
954 1114 1172 1196 reddidisset,
1207 1115 1315 1199 primo
1348 1132 1432 1174 mane

319 1213 408 1277 illius
432 1213 498 1277 diei
524 1213 683 1297 syndicus
704 1236 743 1277 ac
761 1213 876 1278 decem
893 1214 1043 1278 doctores
1060 1215 1150 1278 citati
1166 1221 1253 1295 sunt,
1278 1222 1317 1275 ut
1335 1231 1432 1274 coram

318 1310 531 1375 Parlamento
556 1334 590 1375 se
615 1313 784 1395 sisterent,
815 1335 855 1376 ac
879 1322 953 1397 post
977 1313 1270 1376 commonitionem
1294 1327 1433 1372 severam

318 1407 444 1472 ibidem
458 1408 569 1473 adacti
586 1419 671 1494 sunt,
689 1419 726 1473 ut
740 1409 1007 1474 Declarationem
1024 1421 1124 1496 atque
1140 1409 1299 1474 Edictum
1316 1407 1433 1490 regium

318 1506 407 1571 illico
431 1508 578 1590 registris
602 1509 793 1576 insererent.

407 1605 460 1670 53.
509 1604 593 1670 Octo
615 1606 764 1670 doctores
781 1606 868 1688 dein,
895 1609 950 1693 qui
972 1608 1006 1671 in
1024 1607 1231 1692 oppositione
1247 1603 1435 1667 fervidiores

206 1741 250 1769 ns.
318 1702 462 1786 fuerunt,
486 1704 520 1766 in
545 1703 682 1767 exilium
708 1706 818 1786 missi,
855 1715 887 1768 et
910 1704 1075 1769 Facultati
1100 1703 1377 1787 congregationes
1397 1701 1434 1761 in·

318 1800 478 1864 terdictae
495 1810 582 1864 sunt.
618 1799 683 1865 Sed
697 1803 805 1886 ipsum
822 1801 1022 1886 gubernium
1036 1823 1114 1866 mox
1126 1802 1301 1887 persensit,
1319 1817 1435 1863 summe

317 1900 453 1963 noxiam
479 1920 549 1962 esse
566 1896 736 1963 Sorbonae
760 1911 909 1985 apertam
932 1902 1198 1985 repugnantiam,
1223 1898 1318 1962 unde
1343 1894 1434 1960 archi·

317 1997 492 2081 episcopus
526 1995 724 2060 Parisiensis
757 2008 789 2061 et
825 2009 1019 2084 procurator
1049 1997 1213 2082 generalis
1245 1997 1288 2060 de
1318 1994 1434 2075 Harlay

316 2115 386 2157 rem
417 2093 558 2158 faciliori
583 2095 681 2158 modo
714 2117 912 2181 componere
937 2097 1145 2160 studuerunt.
1191 2095 1277 2180 Ipsis
1312 2113 1433 2158 momen·

315 2190 404 2254 tibus
428 2190 531 2276 aliqui
548 2192 699 2256 doctores
723 2195 780 2278 qui
798 2192 950 2258 Comitiis
974 2194 1202 2275 interfuerant,
1227 2192 1435 2256 confecerunt

315 2291 509 2374 petitionem
542 2290 584 2353 ad
608 2290 855 2355 Parlamentum
883 2292 1059 2373 directam,
1097 2314 1163 2377 qua
1192 2288 1373 2375 petebant,
1406 2294 1433 2346 ut

314 2387 429 2452 liceret
459 2390 578 2452 iterum
604 2391 877 2474 congregationes
900 2388 1041 2474 habere,
1076 2411 1208 2475 quaque
1232 2386 1336 2452 simul
1360 2404 1432 2467 vago

315 2485 412 2549 modo
437 2487 657 2550 reverentiam
682 2509 759 2571 erga
778 2487 1046 2551 Declarationem
1070 2489 1265 2572 regiumque
1282 2484 1432 2548 Edictum

315 2581 565 2667 profitebantur.
610 2583 664 2647 Ex
690 2586 753 2648 753
778 2586 969 2650 doctoribus
992 2585 1162 2650 Sorbonae
1186 2585 1369 2669 adscriptis
1391 2581 1432 2644 de·

315 2701 407 2744 mum
426 2681 489 2745 162
506 2681 585 2745 huie
603 2681 801 2746 documento
811 2683 1052 2769 subscripsere,
1077 2694 1177 2769 atque
1192 2681 1431 2746 Parlamentum

313 2777 508 2842 festinanter
539 2789 619 2843 tunc
650 2780 864 2845 interdictum
889 2804 984 2845 suurn
1009 2781 1149 2847 sustulit.
1198 2779 1264 2844 Sed
1290 2777 1348 2842 vel
1379 2796 1432 2839 mo-

314 2874 389 2938 dica
422 2876 478 2939 illa
511 2876 688 2941 submissio
722 2900 844 2962 magna
877 2879 1046 2944 Sorbonae
1085 2878 1196 2944 attulit
1229 2877 1430 2941 detrimenta.

312 2972 478 3038 Paulatim
509 2977 597 3039 enim
629 2978 732 3040 variis
764 2979 1017 3061 vexationibus,
1054 2978 1107 3042 vel
1142 2975 1319 3042 favoribus
1352 2993 1430 3059 prae·

312 3073 407 3152 stitis,
431 3072 631 3157 gubernium
656 3096 693 3138 eo
718 3078 880 3160 pervenit,
905 3086 941 3141 ut
965 3076 1143 3140 eliminatis
1164 3073 1361 3140 doctoribus
1384 3069 1429 3155 qui

313 3167 480 3234 doctrinas
504 3193 601 3235 sanas
624 3172 899 3257 propugnabant,
931 3174 977 3238 illi
1002 3173 1233 3259 praevalerent
1256 3172 1316 3256 qui
1342 3167 1430 3234 Galli-

312 3289 412 3332 canas
436 3270 609 3353 opiniones
632 3271 821 3336 tuebantur.
861 3273 1077 3337 Manifestum
1094 3294 1173 3337 vero
1198 3295 1240 3336 ex
1258 3271 1360 3334 dictis
1381 3277 1429 3337 est,

312 3363 495 3429 Serbonam
530 3388 588 3450 per
611 3389 646 3431 se
680 3368 778 3452 plane
814 3371 997 3455 oppositam
1032 3370 1133 3436 fuisse
1156 3368 1386 3434 Declarationi
1415 3386 1429 3425 a

312 3460 464 3527 Comitiis
499 3464 618 3532 editae.
665 3465 735 3529 Nec
771 3468 880 3531 minus
916 3491 955 3532 ea
989 3471 1099 3532 invisa
1136 3477 1207 3532 erat
1241 3469 1275 3531 iu
1309 3465 1428 3531 Galliae

310 3562 502 3644 provinciis.

399 3658 452 3724 54.
496 3660 693 3726 Universilos
707 3664 862 3727 Daaceaa
886 3663 1003 3728 litteris
1027 3665 1070 3729 ad
1085 3686 1198 3749 regem
1219 3665 1306 3729 datis
1322 3670 1427 3727 contra

311 3754 558 3820 Delarationem
582 3761 777 3844 regiumque
793 3760 950 3824 Edictum
965 3761 1170 3844 reclamavit,
1195 3784 1298 3848 quum
1322 3763 1358 3824 in
1373 3761 1426 3821 ista

310 3855 443 3937 regione
474 3853 587 3940 (paulo
611 3867 688 3920 ante
710 3880 813 3942 regno
838 3857 967 3923 Galliae
999 3863 1176 3947 acquisita)
1208 3859 1307 3946 plane
1335 3874 1423 3940 oppo-

310 3951 372 4013 sita
397 3951 547 4016 doctrina
571 3956 699 4038 vigeret
730 3967 762 4020 et
786 3958 916 4022 articuli
941 3961 1100 4044 propositi
1124 3959 1326 4024 haberentur
1349 3973 1423 4018 erro·

310 4050 406 4130 nei.1)
459 4050 656 4116 [brioersitas
680 4055 889 4120 Looooa'eacis
920 4079 957 4120 eo
982 4066 1129 4142 tempore
1154 4059 1209 4122 die
1232 4057 1271 4121 5⁰
1293 4056 1422 4120 Novem-

382 4246 402 4312 ¹)
422 4244 464 4302 Cf.
484 4245 568 4299 Gerin
587 4247 627 4304 ed.
647 4250 672 4302 2.
691 4265 708 4315 p
727 4251 789 4306 428.
