3336 4908
398 467 452 520 asa
796 465 853 520 ιιι
892 465 931 520 ne
949 441 1128 524 raniensmo.

243 610 373 714 mg
313 611 355 649 ⁰²¹¹
398 619 539 696 quatuor
561 607 752 702 praesulum
776 608 1078 694 amplectebantur,
1110 619 1244 674 ettum
1267 609 1419 675 Pontifici
1445 619 1504 673 tum

397 709 467 791 regi
492 717 604 793 aperte
636 705 880 789 significabant,
912 709 1012 772 etiam
1037 707 1112 772 ab
1104 709 1185 793 ipsis
1209 730 1276 772 non
1300 708 1473 788 admitti,
1465 729 1504 770 ιιι-

396 804 528 869 fallibili
553 812 649 868 certit
609 803 753 867 titudine
776 804 962 869 Ecclesiam
988 805 1028 869 de
1054 805 1132 870 fact'
1109 815 1152 869 trs
1170 806 1336 891 judicare.
1377 803 1505 870 Cous-un

397 903 521 969 debant
536 911 657 985 autem,
682 903 731 964 uti
747 901 904 984 diximus,
929 905 1064 967 omnino
1088 904 1176 967 facta
1200 903 1346 987 dogmati
1372 925 1507 967 connexa

397 1000 539 1066 etfacta
563 999 628 1062 alia
653 1021 884 1085 quaecumque
920 1001 1156 1065 indifferentia.
1203 1001 1364 1065 Permulti
1396 1000 1448 1064 alii
1469 1023 1508 1064 re·

395 1099 514 1183 ligiosi,
548 1096 746 1178 sacerdotes,
781 1097 935 1162 mulieres
966 1101 1053 1184 piae,
1094 1099 1218 1183 pariter
1247 1108 1359 1184 partes
1391 1097 1507 1162 illorum

397 1199 625 1282 episcoporum
671 1197 849 1280 arripuere.
887 1235 927 1242 —
969 1195 1203 1282 Opportunum
1236 1199 1337 1260 etiarn
1370 1198 1430 1260 erit
1462 1195 1508 1258 hio

396 1294 672 1373 animadvertere,
688 1293 977 1379 archiepiscopum
990 1296 1210 1359 Parisiensem
1223 1293 1378 1357 Perefixe
1394 1316 1421 1357 a.
1436 1291 1509 1356 1664

397 1393 522 1477 optima
546 1393 728 1455 intentione
751 1391 878 1456 litteras
900 1392 1081 1478 pastorales
1098 1392 1238 1468 dedisse,
1264 1391 1387 1476 quibus
1410 1411 1510 1454 omnes

398 1491 440 1554 ad
475 1489 752 1574 subscriptionem
792 1489 976 1554 formularii
1025 1489 1112 1554 Cleri
1161 1488 1329 1554 Gallicani
1377 1486 1509 1572 urgebat
1554 1517 1555 1536 ι

398 1586 572 1654 Statuebat
595 1597 704 1650 autem
731 1610 805 1652 cum
823 1589 1098 1674 praecipitatione
1115 1588 1270 1673 quadam,
1296 1588 1509 1672 quaestionem

392 1686 489 1772 juris,
514 1707 571 1748 seu
595 1687 837 1769 propositiones
861 1708 931 1750 esse
954 1684 1149 1767 haereticas,
1174 1685 1354 1749 tenendam
1371 1705 1441 1747 esse
1455 1680 1510 1744 fide

399 1783 531 1862 divina3
570 1785 797 1867 quaestionem
833 1783 913 1847 facti
944 1805 1023 1847 vero
1055 1784 1121 1847 lide
1156 1783 1313 1863 humana,
1351 1803 1417 1866 qua
1449 1781 1511 1865 quis

398 1880 565 1965 obligatur
595 1879 789 1944 submittere
815 1881 982 1966 judicium
1015 1903 1111 1944 suum
1138 1881 1268 1966 judicio
1298 1878 1509 1963 Superiorum.

398 1977 573 2064 Ejusmodi
587 1977 765 2042 declaratio
779 1978 1020 2064 archiepiscopi
1035 1980 1113 2042 satis
1127 1978 1297 2063 placuerat
1309 1979 1331 2044 J
1333 1977 1510 2053 ansenistis3

399 2077 456 2140 sed
480 2097 547 2139 non
572 2078 670 2159 pauci
695 2097 737 2138 ex
763 2074 943 2139 Catholicis
968 2098 1040 2139 eam
1065 2075 1347 2161 improbaverant.
1377 2076 1511 2141 Jesuitae

398 2173 504 2238 tribus
535 2184 612 2237 ante
643 2175 740 2237 annis
775 2174 890 2255 (1661)
924 2173 1043 2238 thesim
1069 2173 1296 2254 defenderant,
1325 2175 1392 2259 fide
1416 2173 1511 2236 dicim

399 2272 489 2336 credi
514 2293 624 2357 posse,
649 2274 796 2358 quinque
820 2273 1061 2356 propositiones
1085 2281 1259 2356 excerptas
1284 2293 1326 2335 ex
1350 2271 1511 2358 Aepustiro

398 2370 550 2435 Jansenii
575 2369 759 2433 haereticas
783 2391 854 2432 esse
879 2371 913 2432 in
938 2391 1035 2433 sensu
1059 2371 1212 2434 auctoris.
1260 2369 1343 2432 lude
1368 2393 1387 2433 a
1411 2369 1511 2434 Janse

398 2469 494 2532 nistis
537 2468 717 2553 impietatis
761 2476 793 2530 et
832 2490 968 2531 eversae
1015 2467 1185 2550 religionis
1231 2469 1379 2531 accusati
1426 2474 1512 2530 erant

398 2564 682 2650 Archiepiscopus
707 2567 809 2650 igitur
833 2577 869 2630 ut
893 2564 1023 2629 illorum
1042 2566 1195 2628 convicia
1212 2566 1354 2628 evitaret
1369 2573 1402 2630 et
1417 2564 1511 2628 omnia

399 2672 475 2748 apte
507 2672 729 2747 componeret,
759 2663 1007 2728 distinctionem
1040 2662 1174 2726 allatam
1210 2662 1414 2726 adstruebat.
1459 2657 1510 2725 Sed

400 2759 479 2824 dum
503 2760 603 2824 fidem
628 2760 809 2824 humanam
829 2771 958 2826 tantum
977 2782 1034 2845 pro
1053 2761 1246 2845 quaestione
1262 2760 1343 2823 facti
1361 2759 1510 2842 exigebat,

399 2859 619 2921 assistentiam
646 2857 794 2922 divinam
813 2862 847 2923 in
859 2859 1022 2944 ejusmodi
1037 2858 1286 2922 definitionibus
1299 2858 1380 2922 facti
1397 2857 1510 2941 dogma·

398 2957 456 3019 tici
481 2956 622 3018 nimium
646 2955 846 3041 negligebat,
877 2967 908 3020 et
932 2978 1001 3019 rem
1026 2955 1094 3019 fere
1119 2957 1166 3018 uti
1192 2958 1364 3040 negotium
1388 2955 1511 3019 admini·
1557 3021 1558 3042 ξ

399 3055 575 3116 strativum
590 3055 868 3138 repraesentabat,
886 3057 919 3117 in
933 3075 998 3139 quo
1015 3053 1193 3138 prudentia
1206 3053 1302 3119 Sedis
1317 3053 1510 3139 Apostolicae
1556 3067 1558 3146 j

400 3151 618 3236 supponenda
650 3163 729 3216 erat.
778 3151 942 3232 Quamvis
965 3151 1054 3216 bona
1079 3160 1164 3215 esset
1188 3151 1351 3236 praesulis
1376 3152 1509 3226 intentio,

399 3247 434 3311 id
459 3259 569 3313 tamen
594 3271 659 3312 non
684 3252 763 3313 satis
780 3266 857 3316 erat.
906 3249 1066 3334 Apparet,
1093 3250 1321 3313 confusionem
1346 3249 1508 3335 quamdam

399 3346 489 3431 apud
514 3349 685 3431 episcopos
710 3355 742 3409 et
763 3346 934 3430 theologos
958 3347 1021 3410 hac
1045 3347 1079 3409 in
1104 3367 1140 3410 re
1164 3349 1321 3429 viguisse.

489 3443 542 3509 58.
585 3443 737 3508 Clemens
761 3445 812 3508 IX
836 3444 879 3508 ad
904 3444 1078 3530 epistolam
1103 3445 1336 3508 novemdecim
1362 3446 1510 3529 episcopo

400 3563 485 3621 rum,
518 3543 674 3626 quicum
700 3541 775 3606 aliis
798 3554 941 3628 quatuor
964 3542 1211 3627 conspirabant,
1244 3542 1328 3605 nihil
1351 3538 1510 3627 respondit

402 3638 559 3702 Attamen
583 3640 732 3720 gravitas
755 3642 800 3704 rei
827 3663 866 3703 ao
891 3662 1048 3704 numerus
1080 3640 1270 3725 praesulum
1303 3639 1368 3703 illis
1391 3649 1511 3725 quatuor

401 3736 586 3799 faventium
611 3746 710 3821 atque
730 3738 943 3802 difficultates
960 3759 1046 3823 quae
1063 3739 1139 3801 oriri
1157 3745 1311 3821 poterant
1331 3735 1508 3807 efficiebant,

401 3845 438 3896 ut
461 3833 613 3896 Pontifex
636 3834 779 3898 libenter
803 3846 938 3920 paratus
963 3844 1048 3898 esset
1071 3835 1230 3899 desistere
1255 3857 1274 3898 a
1293 3836 1386 3921 justa
1409 3829 1509 3898 severi·

400 3941 484 4012 tate,
517 3934 541 3995 si
576 3932 641 3995 alia
665 3936 721 3998 via
745 3935 884 3998 adesset.
932 3932 1141 4013 Accedebat,
1173 3933 1262 4018 quod
1286 3955 1404 4018 parum
1426 3930 1508 3995 fidere

401 4042 512 4117 posset
543 4034 750 4095 reverentiae
775 4042 807 4094 et
830 4030 921 4095 filiali
948 4033 1063 4115 pietati
1088 4031 1254 4094 Ludovici
1279 4031 1374 4112 XIV,
1400 4029 1456 4116 ‚qui
1482 4028 1507 4085 it

405 4128 634 4192 Alexandrum
653 4129 719 4194 VII
744 4131 917 4194 effrontem
941 4129 1131 4194 ostenderat
1154 4129 1389 4210 arrogantiam.
1414 4126 1505 4205 Quum

403 4229 505 4312 igitur
520 4227 633 4312 plures
651 4229 684 4292 in
698 4225 808 4292 Gallia
825 4230 900 4310 viri,
925 4238 994 4290 tum
1020 4250 1060 4291 ex
1076 4227 1237 4290 ministris
1252 4227 1340 4310 regis
1353 4221 1507 4309 (Lyonnel,
