3034 4894
301 479 338 532 44
428 480 569 534 XXXVII.
588 481 629 536 De
647 481 736 536 initiis
754 499 787 536 ac
804 483 838 538 de
855 498 969 552 propag.
987 480 1299 549 pseudoreformationis.

303 625 384 686 mati
409 646 543 688 oausam
568 625 661 689 dedit
683 628 769 711 regis
792 627 826 689 in
853 626 1058 712 voluptatem
1083 625 1249 690 carnalem
1273 625 1430 710 proclivi-

172 730 254 769 nens·
303 732 363 786 tas.
410 722 509 786 Anno
536 723 621 786 1509
654 725 724 808 ipse
749 745 886 788 uxorem
920 725 1061 788 duxerat
1091 723 1319 806 Catharinam,
1351 725 1431 788 Fer·

132 793 442 905 Assgfisslssxdinandi
468 820 673 906 Arragoniae
704 833 736 886 et
764 822 925 887 Isabellae
950 822 1134 908 Hispaniae
1166 845 1281 908 regum
1312 822 1430 905 filiam,
1511 837 1512 892 Ξ

303 917 413 982 Caroli
445 918 475 980 V
514 919 726 1004 Imperatoris
761 930 982 1001 materteram,
1018 942 1103 1005 quae
1138 920 1283 984 Arthuro
1322 919 1432 1004 ipsius

302 1014 439 1078 Henrici
458 1016 551 1087 fratri
565 1029 645 1081 natu
660 1019 778 1102 majori
794 1028 892 1083 antea
905 1029 1080 1104 nupserat3
1105 1017 1164 1082 sed
1177 1020 1431 1083 matrimonium

301 1112 392 1177 haud
417 1126 683 1179 consummatum
699 1115 801 1180 fuisse
818 1119 933 1201 regina
949 1127 1064 1202 postea
1074 1117 1265 1202 juramento
1282 1137 1431 1180 asserere

301 1220 417 1294 parata
448 1212 519 1279 fuit.
574 1212 669 1277 Illam
701 1235 779 1278 vero
810 1215 978 1279 Henrious
1002 1216 1087 1278 VIII
1118 1216 1329 1279 matrimonio
1363 1213 1430 1278 sibi

295 1309 465 1395 junxerat,
507 1311 751 1396 dispensatione
783 1335 802 1376 a
832 1313 923 1377 Julio
948 1314 982 1377 II
1010 1314 1046 1377 P.
1081 1313 1126 1378 M.
1165 1324 1238 1398 post
1262 1322 1430 1377 maturam
1512 1389 1513 1400 χ

302 1407 572 1472 deliberationem
597 1421 746 1495 accepta,
771 1421 870 1496 atque
894 1433 935 1474 ex
961 1433 1000 1474 ea
1015 1420 1206 1494 susceperat
1221 1410 1332 1496 plures
1349 1409 1429 1474 libe-

301 1527 363 1587 ros,
388 1529 430 1570 ex
454 1507 575 1592 quibus
599 1530 666 1572 una
682 1518 852 1594 supererat
868 1509 937 1573 filia
953 1509 1069 1587 Maria,
1096 1531 1181 1594 quae
1205 1510 1253 1571 uti
1278 1507 1431 1592 legitima

300 1602 343 1667 ab
357 1603 503 1668 Henrico
527 1606 598 1689 ipso
623 1605 712 1670 dicta
736 1607 845 1671 fuerat
862 1606 1008 1671 Walliae
1025 1609 1190 1692 princeps.
1215 1606 1295 1670 Post
1312 1606 1430 1671 decem

301 1710 333 1766 et
357 1712 430 1766 octo
454 1724 559 1767 annos
583 1725 625 1767 ex
650 1726 714 1790 quo
740 1707 989 1769 matrimonium
1014 1705 1182 1769 Henricus
1206 1725 1282 1767 cum
1307 1704 1431 1768 Catha-

299 1801 374 1863 rina
405 1801 558 1880 iniverat,
596 1811 697 1887 atque
732 1825 799 1866 una
830 1825 905 1867 cum
931 1825 970 1867 ea
993 1815 1153 1889 tanquam
1178 1824 1254 1866 cum
1278 1802 1432 1885 legitima

300 1918 404 1961 uxore
434 1909 500 1962 tam
533 1899 689 1963 diuturno
722 1909 880 1985 tempore*
900 1903 1049 1983 vixerat,
1090 1923 1164 1965 eam
1197 1900 1430 1986 derelinquere

301 1996 424 2076 statuit,
456 2005 488 2060 et
511 2019 540 2062 a.
568 1997 651 2061 1527
686 2000 934 2062 matrimonium
969 2021 1044 2062 cum
1077 2022 1116 2063 ca
1147 2001 1266 2063 initum
1296 2001 1429 2062 irritum

301 2092 539 2158 declarandum
570 2117 640 2159 esse
673 2096 874 2160 contendere
906 2098 1024 2182 coepit.
1071 2097 1238 2162 Indomito
1269 2095 1430 2160 videlicet

299 2194 334 2256 in
360 2193 493 2256 Annam
518 2191 677 2258 Bolenam
711 2216 823 2259 amore
855 2197 1019 2260 excitatus
1050 2206 1129 2276 erat,
1166 2205 1198 2258 et
1228 2193 1343 2257 relicta
1369 2193 1429 2258 Ca-

299 2290 434 2354 tharina
457 2291 616 2354 feminam
641 2294 738 2356 istam
764 2295 798 2357 in
814 2295 1064 2358 matrimonium
1083 2293 1203 2357 ducere
1220 2292 1428 2359 intendebat.

390 2390 444 2455 46.
492 2388 564 2453 Rex
602 2390 704 2474 igitur
743 2391 981 2472 contendebat,
1026 2390 1302 2475 impedimentum
1342 2393 1430 2454 inter

299 2487 484 2550 Henricum
502 2497 533 2550 et
547 2485 762 2553 Catharinam
787 2489 852 2553 tale
877 2491 988 2570 fuisse,
1014 2501 1051 2553 ut
1067 2487 1157 2552 nulla
1172 2497 1283 2573 posset
1297 2488 1430 2574 dispen-

299 2586 427 2649 satione
452 2584 539 2667 tolli3
564 2596 734 2670 praeterea
754 2608 834 2651 vero
858 2588 1018 2651 tributam
1040 2610 1060 2650 a
1074 2585 1165 2652 Julio
1178 2586 1210 2650 II
1234 2585 1429 2650 facultatem

299 2682 503 2767 obreptionis
528 2684 609 2746 vitio
634 2683 811 2750 laborasse.
857 2686 979 2749 Pacem
997 2684 1155 2748 videlicet
1170 2686 1256 2748 inter
1269 2683 1428 2768 Angliam

299 2792 331 2844 et
362 2781 560 2865 Hispaniam
593 2781 726 2845 allatam
761 2782 864 2846 fuisse
899 2792 935 2845 ut
971 2783 1133 2846 motivum
1169 2781 1429 2868 dispensationis
1513 2819 1514 2868 p

298 2877 510 2959 obtinendae,
536 2901 638 2965 quum
662 2889 773 2944 tamen
798 2902 836 2944 eo
857 2890 1005 2966 tempore
1020 2879 1076 2943 illa
1093 2901 1161 2963 pax
1170 2880 1241 2965 jam
1260 2883 1427 2946 existeret.

298 2977 646 3042 Animadvertendum
671 2988 719 3042 est
736 2979 845 3064 quoad
863 2980 1008 3064 primum
1034 2979 1207 3060 motivum,
1232 2978 1335 3042 fuisse
1360 2980 1427 3064 qui-

298 3076 373 3139 dem
399 3079 486 3139 inter
501 3075 682 3160 theologos,
708 3079 765 3161 qui
783 3076 966 3140 censebant
980 3075 1054 3160 lege
1079 3075 1196 3139 divina
1220 3076 1426 3160 prohibitum

298 3196 370 3237 esse
392 3175 640 3237 matrimonium
665 3197 740 3238 oum
766 3197 869 3238 uxore
893 3175 1003 3238 fratris
1028 3174 1189 3255 defuncti,
1215 3196 1252 3237 eo
1279 3175 1370 3259 quod
1394 3177 1427 3238 in

297 3273 402 3336 veteri
427 3273 575 3337 Foedere
598 3272 673 3336 talis
688 3272 868 3357 prohibitio
885 3275 1052 3354 existeret,
1078 3294 1140 3336 nec
1157 3272 1345 3356 dispensari
1366 3273 1427 3336 hae

298 3372 332 3433 in
356 3392 391 3433 re
415 3391 520 3455 posse.
568 3369 633 3434 Sed
657 3370 695 3433 de
711 3371 806 3456 facto
840 3370 1032 3456 perplures
1057 3370 1323 3456 dispensationes
1347 3392 1425 3457 pon·
1513 3441 1514 3464 ,

297 3468 417 3532 tificias
441 3470 590 3554 quaestio
619 3469 691 3553 jam
715 3469 858 3532 resoluta
882 3478 966 3546 erat,
999 3479 1032 3532 et
1064 3469 1259 3554 praesertim
1293 3468 1424 3554 quando
1513 3485 1514 3490 ’

298 3568 547 3631 matrimonium
570 3567 774 3652 praecedens
798 3589 865 3631 non
891 3577 1158 3631 consummatum
1183 3575 1263 3648 orat,
1297 3567 1424 3653 dispen·
1513 3591 1514 3600 ¹

298 3666 380 3728 satio
406 3664 495 3729 haud
508 3664 698 3750 patiebatur
714 3665 956 3729 difficultatem.
988 3664 1093 3728 Vides
1110 3674 1232 3746 tamen,
1249 3665 1422 3749 quomodo,

298 3764 430 3846 negotio
461 3762 503 3826 ab
528 3763 674 3826 Henrico
707 3765 885 3848 proposito,
921 3762 1111 3827 diuturnius
1135 3764 1279 3847 potuerit
1303 3761 1421 3826 oboriri

298 3881 440 3923 examen
464 3863 521 3940 rei,
555 3883 617 3924 nec
647 3861 846 3946 reprehendi
877 3882 973 3946 posse
999 3859 1203 3924 Clementem
1229 3859 1306 3942 VII,
1339 3857 1421 3945 quod

297 3960 366 4043 regi
391 3979 458 4021 non
482 3960 595 4022 statim
618 3959 660 4022 ab
695 3961 791 4023 initio
828 3961 1050 4044 peremptorie
1086 3958 1337 4050 significaverit,
1371 3955 1420 4020 ab·

299 4056 399 4120 surda
432 4065 465 4120 et
496 4059 599 4141 impia
630 4057 672 4121 ab
706 4059 777 4142 ipso
809 4057 979 4143 postulari.
1030 4058 1102 4120 Imo
1135 4055 1332 4141 prudentiae
1364 4055 1421 4118 fuit

298 4155 367 4238 regi
393 4153 513 4217 bonam
539 4155 710 4219 ostendere
734 4154 940 4220 voluntatem
964 4165 997 4218 et
1020 4154 1211 4239 protrahere
1243 4155 1417 4238 negotium,

299 4274 402 4338 quum
434 4254 559 4337 sperari
584 4263 706 4336 posset,
738 4253 808 4317 fore
832 4263 868 4316 ut
891 4275 951 4315 rex
974 4252 1017 4316 ab
1042 4251 1211 4338 impudico
1236 4273 1346 4315 amore
1369 4249 1416 4312 de·
