<?xml version="1.0" encoding="UTF-8"?>
<!DOCTYPE html PUBLIC "-//W3C//DTD XHTML 1.0 Transitional//EN"
    "http://www.w3.org/TR/xhtml1/DTD/xhtml1-transitional.dtd">
<html xmlns="http://www.w3.org/1999/xhtml" xml:lang="en" lang="en">
 <head>
  <title>
</title>
<meta http-equiv="Content-Type" content="text/html;charset=utf-8" />
  <meta name='ocr-system' content='tesseract 3.04.00' />
  <meta name='ocr-capabilities' content='ocr_page ocr_carea ocr_par ocr_line ocrx_word'/>
</head>
<body>
  <div class='ocr_page' id='page_1' title='image "./dissertationess03junggoog_0438.png"; bbox 0 0 3020 4908; ppageno 0'>
   <div class='ocr_carea' id='block_1_1' title="bbox 330 484 1196 554">
    <p class='ocr_par' dir='ltr' id='par_1_1' title="bbox 330 484 1196 554">
     <span class='ocr_line' id='line_1_1' title="bbox 330 484 1196 554; baseline 0 -14"><span class='ocrx_word' id='word_1_1' title='bbox 330 487 371 540; x_wconf 83' lang='lat' dir='ltr'><strong>De</strong></span> <span class='ocrx_word' id='word_1_2' title='bbox 388 484 609 542; x_wconf 78' lang='lat' dir='ltr'><strong>Febroniasismo</strong></span> <span class='ocrx_word' id='word_1_3' title='bbox 627 500 660 540; x_wconf 83' lang='lat' dir='ltr'><strong>sc</strong></span> <span class='ocrx_word' id='word_1_4' title='bbox 677 485 711 540; x_wconf 81' lang='lat' dir='ltr'><strong>de</strong></span> <span class='ocrx_word' id='word_1_5' title='bbox 728 484 935 554; x_wconf 81' lang='lat' dir='ltr'><strong>Josephinismo.</strong></span> <span class='ocrx_word' id='word_1_6' title='bbox 1141 485 1196 540; x_wconf 79' lang='lat'><strong>425</strong></span> 
     </span>
    </p>
   </div>
   <div class='ocr_carea' id='block_1_2' title="bbox 82 621 1354 814">
    <p class='ocr_par' dir='ltr' id='par_1_2' title="bbox 82 621 1354 814">
     <span class='ocr_line' id='line_1_2' title="bbox 82 621 1354 730; baseline -0.009 -34"><span class='ocrx_word' id='word_1_7' title='bbox 82 629 319 714; x_wconf 87' lang='lat' dir='ltr'><strong>religiosorum,</strong></span> <span class='ocrx_word' id='word_1_8' title='bbox 351 639 383 694; x_wconf 89' lang='lat' dir='ltr'><strong>et</strong></span> <span class='ocrx_word' id='word_1_9' title='bbox 407 651 465 715; x_wconf 91' lang='lat' dir='ltr'><strong>pro</strong></span> <span class='ocrx_word' id='word_1_10' title='bbox 490 628 764 693; x_wconf 78' lang='lat' dir='ltr'><strong>instructionibus</strong></span> <span class='ocrx_word' id='word_1_11' title='bbox 795 639 894 714; x_wconf 87' lang='lat' dir='ltr'><strong>atquo</strong></span> <span class='ocrx_word' id='word_1_12' title='bbox 918 621 1049 693; x_wconf 79' lang='lat' dir='ltr'><strong>statutis</strong></span> <span class='ocrx_word' id='word_1_13' title='bbox 1072 630 1196 714; x_wconf 89' lang='lat' dir='ltr'><strong>episco-</strong></span> <span class='ocrx_word' id='word_1_14' title='bbox 1220 629 1315 730; x_wconf 57' lang='lat' dir='ltr'><strong>,³⁰⁸0rh1</strong></span> <span class='ocrx_word' id='word_1_15' title='bbox 1332 631 1354 670; x_wconf 84' lang='grc' dir='ltr'>Π</span> 
     </span>
     <span class='ocr_line' id='line_1_3' title="bbox 84 725 1197 814; baseline -0.004 -19"><span class='ocrx_word' id='word_1_16' title='bbox 84 749 194 812; x_wconf 85' lang='lat' dir='ltr'><strong>porum</strong></span> <span class='ocrx_word' id='word_1_17' title='bbox 209 728 429 814; x_wconf 65' lang='lat' dir='ltr'><strong>praescripsit</strong></span> <span class='ocrx_word' id='word_1_18' title='bbox 461 726 636 812; x_wconf 83' lang='lat' dir='ltr'><strong>Episcopis</strong></span> <span class='ocrx_word' id='word_1_19' title='bbox 651 725 831 811; x_wconf 85' lang='lat' dir='ltr'><strong>prohibuit,</strong></span> <span class='ocrx_word' id='word_1_20' title='bbox 849 728 1026 812; x_wconf 86' lang='lat' dir='ltr'><strong>quominus</strong></span> <span class='ocrx_word' id='word_1_21' title='bbox 1041 726 1197 812; x_wconf 76' lang='lat' dir='ltr'><strong>deinceps</strong></span> 
     </span>
    </p>
   </div>
   <div class='ocr_carea' id='block_1_3' title="bbox 12 823 1199 4335">
    <p class='ocr_par' dir='ltr' id='par_1_3' title="bbox 80 823 1199 1478">
     <span class='ocr_line' id='line_1_4' title="bbox 82 823 1199 912; baseline -0.001 -23"><span class='ocrx_word' id='word_1_22' title='bbox 82 825 247 892; x_wconf 78' lang='lat' dir='ltr'><strong>facultates</strong></span> <span class='ocrx_word' id='word_1_23' title='bbox 270 823 533 912; x_wconf 82' lang='lat' dir='ltr'><strong>quinquennales</strong></span> <span class='ocrx_word' id='word_1_24' title='bbox 554 846 574 887; x_wconf 90' lang='lat' dir='ltr'><strong>a</strong></span> <span class='ocrx_word' id='word_1_25' title='bbox 598 823 759 888; x_wconf 88' lang='lat' dir='ltr'><strong>Pontifice</strong></span> <span class='ocrx_word' id='word_1_26' title='bbox 780 833 939 909; x_wconf 82' lang='lat' dir='ltr'><strong>peterent,</strong></span> <span class='ocrx_word' id='word_1_27' title='bbox 964 824 1136 907; x_wconf 88' lang='lat' dir='ltr'><strong>mandans,</strong></span> <span class='ocrx_word' id='word_1_28' title='bbox 1162 834 1199 888; x_wconf 93' lang='lat' dir='ltr'><strong>ut</strong></span> 
     </span>
     <span class='ocr_line' id='line_1_5' title="bbox 81 921 1198 1008; baseline -0.003 -21"><span class='ocrx_word' id='word_1_29' title='bbox 81 925 207 1008; x_wconf 81' lang='lat' dir='ltr'><strong>propria</strong></span> <span class='ocrx_word' id='word_1_30' title='bbox 230 925 427 990; x_wconf 83' lang='lat' dir='ltr'><strong>auctoritate</strong></span> <span class='ocrx_word' id='word_1_31' title='bbox 449 922 715 1008; x_wconf 85' lang='lat' dir='ltr'><strong>dispensationes</strong></span> <span class='ocrx_word' id='word_1_32' title='bbox 732 922 952 986; x_wconf 82' lang='lat' dir='ltr'><strong>concederent</strong></span> <span class='ocrx_word' id='word_1_33' title='bbox 974 931 1008 985; x_wconf 86' lang='lat' dir='ltr'><strong>st</strong></span> <span class='ocrx_word' id='word_1_34' title='bbox 1030 921 1198 985; x_wconf 87' lang='lat' dir='ltr'><strong>acasibus</strong></span> 
     </span>
     <span class='ocr_line' id='line_1_6' title="bbox 81 1018 1197 1086; baseline -0.002 -2"><span class='ocrx_word' id='word_1_35' title='bbox 81 1044 98 1084; x_wconf 92' lang='lat' dir='ltr'><strong>a</strong></span> <span class='ocrx_word' id='word_1_36' title='bbox 128 1022 286 1086; x_wconf 89' lang='lat' dir='ltr'><strong>Pontifice</strong></span> <span class='ocrx_word' id='word_1_37' title='bbox 318 1022 494 1086; x_wconf 87' lang='lat' dir='ltr'><strong>reservatis</strong></span> <span class='ocrx_word' id='word_1_38' title='bbox 526 1019 746 1084; x_wconf 88' lang='lat' dir='ltr'><strong>absolverent.</strong></span> <span class='ocrx_word' id='word_1_39' title='bbox 797 1019 880 1083; x_wconf 84' lang='lat' dir='ltr'><strong>Rem</strong></span> <span class='ocrx_word' id='word_1_40' title='bbox 920 1018 1197 1083; x_wconf 82' lang='lat' dir='ltr'><strong>matrimonialem</strong></span> 
     </span>
     <span class='ocr_line' id='line_1_7' title="bbox 80 1115 1198 1205; baseline -0.003 -23"><span class='ocrx_word' id='word_1_41' title='bbox 80 1121 206 1204; x_wconf 87' lang='lat' dir='ltr'><strong>propria</strong></span> <span class='ocrx_word' id='word_1_42' title='bbox 237 1119 309 1205; x_wconf 88' lang='lat' dir='ltr'><strong>lege</strong></span> <span class='ocrx_word' id='word_1_43' title='bbox 342 1118 521 1198; x_wconf 86' lang='lat' dir='ltr'><strong>definiens,</strong></span> <span class='ocrx_word' id='word_1_44' title='bbox 556 1116 652 1203; x_wconf 85' lang='lat' dir='ltr'><strong>plura</strong></span> <span class='ocrx_word' id='word_1_45' title='bbox 677 1119 839 1181; x_wconf 87' lang='lat' dir='ltr'><strong>canonica</strong></span> <span class='ocrx_word' id='word_1_46' title='bbox 872 1117 1111 1202; x_wconf 89' lang='lat' dir='ltr'><strong>impedimenta</strong></span> <span class='ocrx_word' id='word_1_47' title='bbox 1145 1115 1198 1179; x_wconf 88' lang='lat' dir='ltr'><strong>vel</strong></span> 
     </span>
     <span class='ocr_line' id='line_1_8' title="bbox 80 1215 1197 1301; baseline -0.001 -22"><span class='ocrx_word' id='word_1_48' title='bbox 80 1219 244 1282; x_wconf 82' lang='lat' dir='ltr'><strong>restrinxit</strong></span> <span class='ocrx_word' id='word_1_49' title='bbox 267 1217 321 1282; x_wconf 88' lang='lat' dir='ltr'><strong>vel</strong></span> <span class='ocrx_word' id='word_1_50' title='bbox 345 1216 530 1300; x_wconf 85' lang='lat' dir='ltr'><strong>abrogavit,</strong></span> <span class='ocrx_word' id='word_1_51' title='bbox 554 1215 620 1279; x_wconf 88' lang='lat' dir='ltr'><strong>alia</strong></span> <span class='ocrx_word' id='word_1_52' title='bbox 644 1237 732 1280; x_wconf 89' lang='lat' dir='ltr'><strong>nova</strong></span> <span class='ocrx_word' id='word_1_53' title='bbox 756 1216 943 1296; x_wconf 87' lang='lat' dir='ltr'><strong>constituit,</strong></span> <span class='ocrx_word' id='word_1_54' title='bbox 963 1215 1197 1301; x_wconf 88' lang='lat' dir='ltr'><strong>judiciumque</strong></span> 
     </span>
     <span class='ocr_line' id='line_1_9' title="bbox 80 1312 1196 1399; baseline -0.002 -21"><span class='ocrx_word' id='word_1_55' title='bbox 80 1313 117 1378; x_wconf 90' lang='lat' dir='ltr'><strong>de</strong></span> <span class='ocrx_word' id='word_1_56' title='bbox 149 1318 256 1380; x_wconf 86' lang='lat' dir='ltr'><strong>causis</strong></span> <span class='ocrx_word' id='word_1_57' title='bbox 288 1312 589 1380; x_wconf 83' lang='lat' dir='ltr'><strong>matrimonialibus</strong></span> <span class='ocrx_word' id='word_1_58' title='bbox 627 1313 850 1378; x_wconf 83' lang='lat' dir='ltr'><strong>ecclesiastico</strong></span> <span class='ocrx_word' id='word_1_59' title='bbox 884 1313 953 1378; x_wconf 88' lang='lat' dir='ltr'><strong>foro</strong></span> <span class='ocrx_word' id='word_1_60' title='bbox 992 1313 1196 1399; x_wconf 88' lang='lat' dir='ltr'><strong>ademptum,</strong></span> 
     </span>
     <span class='ocr_line' id='line_1_10' title="bbox 80 1413 406 1478; baseline 0.006 -2"><span class='ocrx_word' id='word_1_61' title='bbox 80 1413 234 1478; x_wconf 87' lang='lat' dir='ltr'><strong>saeculari</strong></span> <span class='ocrx_word' id='word_1_62' title='bbox 259 1413 406 1478; x_wconf 88' lang='lat' dir='ltr'><strong>tradidit.</strong></span> 
     </span>
    </p>

    <p class='ocr_par' dir='ltr' id='par_1_4' title="bbox 12 1507 1198 4335">
     <span class='ocr_line' id='line_1_11' title="bbox 162 1507 1198 1594; baseline -0.005 -18"><span class='ocrx_word' id='word_1_63' title='bbox 162 1513 213 1576; x_wconf 91' lang='grc'><strong>61.</strong></span> <span class='ocrx_word' id='word_1_64' title='bbox 260 1511 343 1576; x_wconf 90' lang='lat' dir='ltr'><strong>Inde</strong></span> <span class='ocrx_word' id='word_1_65' title='bbox 367 1510 409 1575; x_wconf 86' lang='lat' dir='ltr'><strong>ab</strong></span> <span class='ocrx_word' id='word_1_66' title='bbox 433 1531 520 1574; x_wconf 85' lang='lat' dir='ltr'><strong>anno</strong></span> <span class='ocrx_word' id='word_1_67' title='bbox 547 1509 630 1573; x_wconf 81' lang='lat'>1781</span> <span class='ocrx_word' id='word_1_68' title='bbox 657 1521 690 1572; x_wconf 89' lang='lat' dir='ltr'><strong>et</strong></span> <span class='ocrx_word' id='word_1_69' title='bbox 713 1509 870 1594; x_wconf 89' lang='lat' dir='ltr'><strong>deinceps</strong></span> <span class='ocrx_word' id='word_1_70' title='bbox 893 1508 1046 1594; x_wconf 85' lang='lat' dir='ltr'><strong>plurima,</strong></span> <span class='ocrx_word' id='word_1_71' title='bbox 1071 1507 1198 1572; x_wconf 88' lang='lat' dir='ltr'><strong>scilicet</strong></span> 
     </span>
     <span class='ocr_line' id='line_1_12' title="bbox 79 1606 1196 1694; baseline 0 -24"><span class='ocrx_word' id='word_1_72' title='bbox 79 1630 176 1694; x_wconf 88' lang='lat' dir='ltr'><strong>usque</strong></span> <span class='ocrx_word' id='word_1_73' title='bbox 200 1610 243 1674; x_wconf 87' lang='lat' dir='ltr'><strong>ad</strong></span> <span class='ocrx_word' id='word_1_74' title='bbox 267 1609 476 1694; x_wconf 86' lang='lat' dir='ltr'><strong>septingenta</strong></span> <span class='ocrx_word' id='word_1_75' title='bbox 500 1608 699 1673; x_wconf 85' lang='lat' dir='ltr'><strong>monasteria</strong></span> <span class='ocrx_word' id='word_1_76' title='bbox 723 1608 895 1692; x_wconf 88' lang='lat' dir='ltr'><strong>utriusque</strong></span> <span class='ocrx_word' id='word_1_77' title='bbox 919 1629 1017 1670; x_wconf 87' lang='lat' dir='ltr'><strong>sexus</strong></span> <span class='ocrx_word' id='word_1_78' title='bbox 1040 1606 1196 1687; x_wconf 90' lang='lat' dir='ltr'><strong>abolevit,</strong></span> 
     </span>
     <span class='ocr_line' id='line_1_13' title="bbox 79 1704 1197 1791; baseline 0.002 -24"><span class='ocrx_word' id='word_1_79' title='bbox 79 1706 236 1791; x_wconf 87' lang='lat' dir='ltr'><strong>imprimis</strong></span> <span class='ocrx_word' id='word_1_80' title='bbox 261 1727 339 1770; x_wconf 90' lang='lat' dir='ltr'><strong>vero</strong></span> <span class='ocrx_word' id='word_1_81' title='bbox 365 1704 495 1770; x_wconf 92' lang='lat' dir='ltr'><strong>illorum</strong></span> <span class='ocrx_word' id='word_1_82' title='bbox 513 1705 688 1785; x_wconf 87' lang='lat' dir='ltr'><strong>Ordinum,</strong></span> <span class='ocrx_word' id='word_1_83' title='bbox 714 1706 770 1791; x_wconf 90' lang='lat' dir='ltr'><strong>qui</strong></span> <span class='ocrx_word' id='word_1_84' title='bbox 795 1706 927 1768; x_wconf 90' lang='lat' dir='ltr'><strong>nonnisi</strong></span> <span class='ocrx_word' id='word_1_85' title='bbox 943 1706 1030 1768; x_wconf 81' lang='lat' dir='ltr'><strong>vitae</strong></span> <span class='ocrx_word' id='word_1_86' title='bbox 1055 1714 1197 1769; x_wconf 88' lang='lat' dir='ltr'><strong>contem·</strong></span> 
     </span>
     <span class='ocr_line' id='line_1_14' title="bbox 78 1801 1196 1888; baseline 0 -22"><span class='ocrx_word' id='word_1_87' title='bbox 78 1801 217 1887; x_wconf 85' lang='lat' dir='ltr'><strong>plativae</strong></span> <span class='ocrx_word' id='word_1_88' title='bbox 243 1804 347 1868; x_wconf 90' lang='lat' dir='ltr'><strong>dediti</strong></span> <span class='ocrx_word' id='word_1_89' title='bbox 372 1815 482 1886; x_wconf 84' lang='lat' dir='ltr'><strong>erant3</strong></span> <span class='ocrx_word' id='word_1_90' title='bbox 507 1804 721 1888; x_wconf 87' lang='lat' dir='ltr'><strong>superstitum</strong></span> <span class='ocrx_word' id='word_1_91' title='bbox 738 1804 965 1888; x_wconf 88' lang='lat' dir='ltr'><strong>exemptiones</strong></span> <span class='ocrx_word' id='word_1_92' title='bbox 987 1802 1118 1887; x_wconf 87' lang='lat' dir='ltr'><strong>abipso</strong></span> <span class='ocrx_word' id='word_1_93' title='bbox 1141 1801 1196 1866; x_wconf 88' lang='lat' dir='ltr'><strong>ab·</strong></span> 
     </span>
     <span class='ocr_line' id='line_1_15' title="bbox 79 1899 1196 1986; baseline 0.001 -23"><span class='ocrx_word' id='word_1_94' title='bbox 79 1912 206 1984; x_wconf 85' lang='lat' dir='ltr'><strong>rogatae</strong></span> <span class='ocrx_word' id='word_1_95' title='bbox 231 1911 324 1982; x_wconf 91' lang='lat' dir='ltr'><strong>sunt,</strong></span> <span class='ocrx_word' id='word_1_96' title='bbox 356 1923 463 1967; x_wconf 88' lang='lat' dir='ltr'><strong>nexus</strong></span> <span class='ocrx_word' id='word_1_97' title='bbox 489 1923 563 1965; x_wconf 90' lang='lat' dir='ltr'><strong>cum</strong></span> <span class='ocrx_word' id='word_1_98' title='bbox 589 1899 824 1986; x_wconf 89' lang='lat' dir='ltr'><strong>Superioribus</strong></span> <span class='ocrx_word' id='word_1_99' title='bbox 848 1902 1014 1964; x_wconf 86' lang='lat' dir='ltr'><strong>extraneis</strong></span> <span class='ocrx_word' id='word_1_100' title='bbox 1037 1899 1196 1980; x_wconf 86' lang='lat' dir='ltr'><strong>sublatus,</strong></span> 
     </span>
     <span class='ocr_line' id='line_1_16' title="bbox 80 1997 1197 2084; baseline 0.001 -24"><span class='ocrx_word' id='word_1_101' title='bbox 80 2001 266 2064; x_wconf 85' lang='lat' dir='ltr'><strong>constitutio</strong></span> <span class='ocrx_word' id='word_1_102' title='bbox 296 2011 396 2084; x_wconf 88' lang='lat' dir='ltr'><strong>atque</strong></span> <span class='ocrx_word' id='word_1_103' title='bbox 420 1998 557 2063; x_wconf 88' lang='lat' dir='ltr'><strong>vivendi</strong></span> <span class='ocrx_word' id='word_1_104' title='bbox 590 2000 674 2063; x_wconf 86' lang='lat' dir='ltr'><strong>ratio</strong></span> <span class='ocrx_word' id='word_1_105' title='bbox 706 1999 874 2063; x_wconf 90' lang='lat' dir='ltr'><strong>innovata.</strong></span> <span class='ocrx_word' id='word_1_106' title='bbox 920 1997 974 2064; x_wconf 89' lang='lat' dir='ltr'><strong>Ad</strong></span> <span class='ocrx_word' id='word_1_107' title='bbox 1006 1997 1197 2062; x_wconf 86' lang='lat' dir='ltr'><strong>formandos</strong></span> 
     </span>
     <span class='ocr_line' id='line_1_17' title="bbox 78 2094 1197 2181; baseline -0.002 -21"><span class='ocrx_word' id='word_1_108' title='bbox 78 2096 224 2179; x_wconf 89' lang='lat' dir='ltr'><strong>clericos,</strong></span> <span class='ocrx_word' id='word_1_109' title='bbox 255 2095 387 2162; x_wconf 84' lang='lat' dir='ltr'><strong>abolitis</strong></span> <span class='ocrx_word' id='word_1_110' title='bbox 412 2097 598 2161; x_wconf 84' lang='lat' dir='ltr'><strong>seminariis</strong></span> <span class='ocrx_word' id='word_1_111' title='bbox 622 2094 882 2181; x_wconf 88' lang='lat' dir='ltr'><strong>episcopalibus,</strong></span> <span class='ocrx_word' id='word_1_112' title='bbox 913 2097 1087 2160; x_wconf 80' lang='lat' dir='ltr'><strong>seminaria</strong></span> <span class='ocrx_word' id='word_1_113' title='bbox 1109 2119 1197 2181; x_wconf 73' lang='lat' dir='ltr'><strong>genc-</strong></span> 
     </span>
     <span class='ocr_line' id='line_1_18' title="bbox 78 2193 1197 2279; baseline 0.002 -23"><span class='ocrx_word' id='word_1_114' title='bbox 78 2194 158 2259; x_wconf 83' lang='lat' dir='ltr'><strong>rnlio</strong></span> <span class='ocrx_word' id='word_1_115' title='bbox 181 2194 423 2276; x_wconf 90' lang='lat' dir='ltr'><strong>Vindobonae,</strong></span> <span class='ocrx_word' id='word_1_116' title='bbox 456 2193 626 2274; x_wconf 88' lang='lat' dir='ltr'><strong>Pesthini,</strong></span> <span class='ocrx_word' id='word_1_117' title='bbox 660 2195 800 2278; x_wconf 90' lang='lat' dir='ltr'><strong>Papiae,</strong></span> <span class='ocrx_word' id='word_1_118' title='bbox 833 2193 994 2275; x_wconf 86' lang='lat' dir='ltr'><strong>Lovanii,</strong></span> <span class='ocrx_word' id='word_1_119' title='bbox 1027 2203 1197 2279; x_wconf 87' lang='lat' dir='ltr'><strong>praeterea</strong></span> 
     </span>
     <span class='ocr_line' id='line_1_19' title="bbox 77 2290 1196 2378; baseline -0.002 -22"><span class='ocrx_word' id='word_1_120' title='bbox 77 2291 216 2376; x_wconf 79' lang='lat' dir='ltr'><strong>Graecii,</strong></span> <span class='ocrx_word' id='word_1_121' title='bbox 235 2293 412 2374; x_wconf 87' lang='lat' dir='ltr'><strong>Olornueii,</strong></span> <span class='ocrx_word' id='word_1_122' title='bbox 436 2294 572 2376; x_wconf 88' lang='lat' dir='ltr'><strong>Pragae,</strong></span> <span class='ocrx_word' id='word_1_123' title='bbox 590 2292 770 2378; x_wconf 88' lang='lat' dir='ltr'><strong>Oenipouti</strong></span> <span class='ocrx_word' id='word_1_124' title='bbox 788 2301 821 2355; x_wconf 92' lang='lat' dir='ltr'><strong>et</strong></span> <span class='ocrx_word' id='word_1_125' title='bbox 836 2290 1065 2377; x_wconf 83' lang='lat' dir='ltr'><strong>Luxemburgi</strong></span> <span class='ocrx_word' id='word_1_126' title='bbox 1081 2292 1196 2374; x_wconf 86' lang='lat' dir='ltr'><strong>erexit,</strong></span> 
     </span>
     <span class='ocr_line' id='line_1_20' title="bbox 77 2390 1197 2476; baseline -0.002 -22"><span class='ocrx_word' id='word_1_127' title='bbox 77 2390 165 2456; x_wconf 89' lang='lat' dir='ltr'><strong>Haec</strong></span> <span class='ocrx_word' id='word_1_128' title='bbox 189 2393 369 2456; x_wconf 87' lang='lat' dir='ltr'><strong>seminaria</strong></span> <span class='ocrx_word' id='word_1_129' title='bbox 399 2390 442 2456; x_wconf 90' lang='lat' dir='ltr'><strong>ab</strong></span> <span class='ocrx_word' id='word_1_130' title='bbox 467 2391 631 2476; x_wconf 89' lang='lat' dir='ltr'><strong>episcopis</strong></span> <span class='ocrx_word' id='word_1_131' title='bbox 656 2412 722 2453; x_wconf 93' lang='lat' dir='ltr'><strong>non</strong></span> <span class='ocrx_word' id='word_1_132' title='bbox 747 2390 997 2475; x_wconf 81' lang='lat' dir='ltr'><strong>dependebant,</strong></span> <span class='ocrx_word' id='word_1_133' title='bbox 1030 2392 1065 2453; x_wconf 91' lang='lat' dir='ltr'><strong>in</strong></span> <span class='ocrx_word' id='word_1_134' title='bbox 1090 2390 1197 2475; x_wconf 87' lang='lat' dir='ltr'><strong>iisque</strong></span> 
     </span>
     <span class='ocr_line' id='line_1_21' title="bbox 77 2488 1195 2574; baseline 0.001 -22"><span class='ocrx_word' id='word_1_135' title='bbox 77 2511 150 2554; x_wconf 89' lang='lat' dir='ltr'><strong>mox</strong></span> <span class='ocrx_word' id='word_1_136' title='bbox 172 2488 318 2574; x_wconf 86' lang='lat' dir='ltr'><strong>theologi</strong></span> <span class='ocrx_word' id='word_1_137' title='bbox 343 2499 376 2552; x_wconf 91' lang='lat' dir='ltr'><strong>et</strong></span> <span class='ocrx_word' id='word_1_138' title='bbox 400 2489 591 2552; x_wconf 85' lang='lat' dir='ltr'><strong>canonistas</strong></span> <span class='ocrx_word' id='word_1_139' title='bbox 608 2488 765 2552; x_wconf 89' lang='lat' dir='ltr'><strong>neoterici</strong></span> <span class='ocrx_word' id='word_1_140' title='bbox 790 2488 965 2553; x_wconf 83' lang='lat' dir='ltr'><strong>cathedras</strong></span> <span class='ocrx_word' id='word_1_141' title='bbox 981 2498 1195 2572; x_wconf 87' lang='lat' dir='ltr'><strong>occuparunt.</strong></span> 
     </span>
     <span class='ocr_line' id='line_1_22' title="bbox 78 2584 1195 2674; baseline 0 -25"><span class='ocrx_word' id='word_1_142' title='bbox 78 2587 202 2653; x_wconf 87' lang='lat' dir='ltr'><strong>Novum</strong></span> <span class='ocrx_word' id='word_1_143' title='bbox 229 2609 361 2674; x_wconf 90' lang='lat' dir='ltr'><strong>quoque</strong></span> <span class='ocrx_word' id='word_1_144' title='bbox 385 2586 535 2651; x_wconf 85' lang='lat' dir='ltr'><strong>ordinem</strong></span> <span class='ocrx_word' id='word_1_145' title='bbox 560 2584 668 2650; x_wconf 90' lang='lat' dir='ltr'><strong>cultus</strong></span> <span class='ocrx_word' id='word_1_146' title='bbox 692 2585 800 2650; x_wconf 90' lang='lat' dir='ltr'><strong>divini</strong></span> <span class='ocrx_word' id='word_1_147' title='bbox 825 2585 950 2672; x_wconf 89' lang='lat' dir='ltr'><strong>publici</strong></span> <span class='ocrx_word' id='word_1_148' title='bbox 974 2586 1195 2671; x_wconf 84' lang='lat' dir='ltr'><strong>praescripsit,</strong></span> 
     </span>
     <span class='ocr_line' id='line_1_23' title="bbox 77 2683 1195 2771; baseline -0.001 -24"><span class='ocrx_word' id='word_1_149' title='bbox 77 2695 170 2771; x_wconf 85' lang='lat' dir='ltr'><strong>atque</strong></span> <span class='ocrx_word' id='word_1_150' title='bbox 201 2684 430 2750; x_wconf 87' lang='lat' dir='ltr'><strong>in-nonnullis</strong></span> <span class='ocrx_word' id='word_1_151' title='bbox 455 2683 796 2771; x_wconf 85' lang='lat' dir='ltr'><strong>ejusdem-partibus·</strong></span> <span class='ocrx_word' id='word_1_152' title='bbox 811 2685 974 2747; x_wconf 86' lang='lat' dir='ltr'><strong>orationes</strong></span> <span class='ocrx_word' id='word_1_153' title='bbox 1006 2692 1039 2746; x_wconf 91' lang='lat' dir='ltr'><strong>et</strong></span> <span class='ocrx_word' id='word_1_154' title='bbox 1062 2693 1195 2747; x_wconf 86' lang='lat' dir='ltr'><strong>cantum</strong></span> 
     </span>
     <span class='ocr_line' id='line_1_24' title="bbox 78 2781 1198 2870; baseline -0.002 -25"><span class='ocrx_word' id='word_1_155' title='bbox 78 2783 108 2846; x_wconf 93' lang='lat' dir='ltr'><strong>in</strong></span> <span class='ocrx_word' id='word_1_156' title='bbox 131 2784 248 2870; x_wconf 84' lang='lat' dir='ltr'><strong>lingua</strong></span> <span class='ocrx_word' id='word_1_157' title='bbox 280 2782 460 2847; x_wconf 86' lang='lat' dir='ltr'><strong>vernacula</strong></span> <span class='ocrx_word' id='word_1_158' title='bbox 493 2782 694 2856; x_wconf 85' lang='lat' dir='ltr'><strong>introduxit;</strong></span> <span class='ocrx_word' id='word_1_159' title='bbox 731 2781 880 2845; x_wconf 84' lang='lat' dir='ltr'><strong>diversas</strong></span> <span class='ocrx_word' id='word_1_160' title='bbox 912 2782 1137 2866; x_wconf 87' lang='lat' dir='ltr'><strong>processiones</strong></span> <span class='ocrx_word' id='word_1_161' title='bbox 1165 2789 1198 2843; x_wconf 90' lang='lat' dir='ltr'><strong>et</strong></span> 
     </span>
     <span class='ocr_line' id='line_1_25' title="bbox 77 2878 1196 2967; baseline -0.002 -23"><span class='ocrx_word' id='word_1_162' title='bbox 77 2882 355 2967; x_wconf 82' lang='lat' dir='ltr'><strong>peregrinationes</strong></span> <span class='ocrx_word' id='word_1_163' title='bbox 379 2903 490 2945; x_wconf 87' lang='lat' dir='ltr'><strong>sacras</strong></span> <span class='ocrx_word' id='word_1_164' title='bbox 518 2880 870 2965; x_wconf 83' lang='lat' dir='ltr'><strong>confraternitatesque</strong></span> <span class='ocrx_word' id='word_1_165' title='bbox 894 2878 1081 2965; x_wconf 84' lang='lat' dir='ltr'><strong>spirituales</strong></span> <span class='ocrx_word' id='word_1_166' title='bbox 1104 2878 1196 2943; x_wconf 85' lang='lat' dir='ltr'><strong>abro-</strong></span> 
     </span>
     <span class='ocr_line' id='line_1_26' title="bbox 76 2975 1196 3064; baseline -0.002 -22"><span class='ocrx_word' id='word_1_167' title='bbox 76 2982 173 3062; x_wconf 86' lang='lat' dir='ltr'><strong>gavit.</strong></span> <span class='ocrx_word' id='word_1_168' title='bbox 219 2977 379 3044; x_wconf 88' lang='lat' dir='ltr'><strong>Nonnulli</strong></span> <span class='ocrx_word' id='word_1_169' title='bbox 413 2977 546 3064; x_wconf 91' lang='lat' dir='ltr'><strong>quidem</strong></span> <span class='ocrx_word' id='word_1_170' title='bbox 581 2979 744 3062; x_wconf 88' lang='lat' dir='ltr'><strong>episcopi,</strong></span> <span class='ocrx_word' id='word_1_171' title='bbox 781 2979 867 3041; x_wconf 91' lang='lat' dir='ltr'><strong>inter</strong></span> <span class='ocrx_word' id='word_1_172' title='bbox 899 2999 981 3063; x_wconf 92' lang='lat' dir='ltr'><strong>quos</strong></span> <span class='ocrx_word' id='word_1_173' title='bbox 1009 2975 1196 3042; x_wconf 82' lang='lat' dir='ltr'><strong>Cardinalis</strong></span> 
     </span>
     <span class='ocr_line' id='line_1_27' title="bbox 77 3074 1195 3162; baseline -0.002 -22"><span class='ocrx_word' id='word_1_174' title='bbox 77 3076 215 3162; x_wconf 85' lang='lat' dir='ltr'><strong>lligazzi</strong></span> <span class='ocrx_word' id='word_1_175' title='bbox 249 3075 519 3162; x_wconf 87' lang='lat' dir='ltr'><strong>archiepiscopus</strong></span> <span class='ocrx_word' id='word_1_176' title='bbox 551 3076 768 3156; x_wconf 90' lang='lat' dir='ltr'><strong>Viennensis,</strong></span> <span class='ocrx_word' id='word_1_177' title='bbox 803 3074 985 3160; x_wconf 82' lang='lat' dir='ltr'><strong>Batthyani</strong></span> <span class='ocrx_word' id='word_1_178' title='bbox 1020 3074 1195 3159; x_wconf 88' lang='lat' dir='ltr'><strong>archicpis-</strong></span> 
     </span>
     <span class='ocr_line' id='line_1_28' title="bbox 77 3172 1197 3261; baseline 0 -25"><span class='ocrx_word' id='word_1_179' title='bbox 77 3195 175 3261; x_wconf 87' lang='lat' dir='ltr'><strong>copus</strong></span> <span class='ocrx_word' id='word_1_180' title='bbox 199 3175 450 3258; x_wconf 81' lang='lat' dir='ltr'><strong>Strigoniensis,</strong></span> <span class='ocrx_word' id='word_1_181' title='bbox 477 3172 665 3237; x_wconf 83' lang='lat' dir='ltr'><strong>Cardinalis</strong></span> <span class='ocrx_word' id='word_1_182' title='bbox 689 3172 730 3236; x_wconf 90' lang='lat' dir='ltr'><strong>de</strong></span> <span class='ocrx_word' id='word_1_183' title='bbox 755 3173 996 3258; x_wconf 87' lang='lat' dir='ltr'><strong>Frankenberg</strong></span> <span class='ocrx_word' id='word_1_184' title='bbox 1019 3172 1197 3257; x_wconf 89' lang='lat' dir='ltr'><strong>archiepis·</strong></span> 
     </span>
     <span class='ocr_line' id='line_1_29' title="bbox 76 3267 1198 3356; baseline 0.002 -24"><span class='ocrx_word' id='word_1_185' title='bbox 76 3291 174 3356; x_wconf 91' lang='lat' dir='ltr'><strong>copus</strong></span> <span class='ocrx_word' id='word_1_186' title='bbox 198 3267 467 3352; x_wconf 86' lang='lat' dir='ltr'><strong>Mechliniensis,</strong></span> <span class='ocrx_word' id='word_1_187' title='bbox 502 3269 624 3334; x_wconf 87' lang='lat' dir='ltr'><strong>libellis</strong></span> <span class='ocrx_word' id='word_1_188' title='bbox 652 3269 859 3356; x_wconf 88' lang='lat' dir='ltr'><strong>supplicibus</strong></span> <span class='ocrx_word' id='word_1_189' title='bbox 883 3270 969 3334; x_wconf 89' lang='lat' dir='ltr'><strong>datis</strong></span> <span class='ocrx_word' id='word_1_190' title='bbox 999 3270 1198 3334; x_wconf 88' lang='lat' dir='ltr'><strong>studuerunt</strong></span> 
     </span>
     <span class='ocr_line' id='line_1_30' title="bbox 76 3367 1197 3455; baseline 0.001 -24"><span class='ocrx_word' id='word_1_191' title='bbox 76 3367 313 3455; x_wconf 87' lang='lat' dir='ltr'><strong>Imperatorem</strong></span> <span class='ocrx_word' id='word_1_192' title='bbox 335 3369 496 3453; x_wconf 85' lang='lat' dir='ltr'><strong>acceptis</strong></span> <span class='ocrx_word' id='word_1_193' title='bbox 510 3389 678 3434; x_wconf 88' lang='lat' dir='ltr'><strong>revocare.</strong></span> <span class='ocrx_word' id='word_1_194' title='bbox 716 3367 782 3432; x_wconf 84' lang='lat' dir='ltr'><strong>Sed</strong></span> <span class='ocrx_word' id='word_1_195' title='bbox 802 3371 920 3454; x_wconf 88' lang='lat' dir='ltr'><strong>spretis</strong></span> <span class='ocrx_word' id='word_1_196' title='bbox 935 3390 1048 3432; x_wconf 90' lang='lat' dir='ltr'><strong>corum</strong></span> <span class='ocrx_word' id='word_1_197' title='bbox 1063 3368 1197 3432; x_wconf 89' lang='lat' dir='ltr'><strong>monitis</strong></span> 
     </span>
     <span class='ocr_line' id='line_1_31' title="bbox 78 3463 1196 3551; baseline -0.002 -20"><span class='ocrx_word' id='word_1_198' title='bbox 78 3487 150 3531; x_wconf 85' lang='lat' dir='ltr'><strong>cum</strong></span> <span class='ocrx_word' id='word_1_199' title='bbox 175 3466 405 3551; x_wconf 87' lang='lat' dir='ltr'><strong>indignatione</strong></span> <span class='ocrx_word' id='word_1_200' title='bbox 438 3488 492 3530; x_wconf 87' lang='lat' dir='ltr'><strong>eos</strong></span> <span class='ocrx_word' id='word_1_201' title='bbox 515 3466 695 3551; x_wconf 86' lang='lat' dir='ltr'><strong>redarguit.</strong></span> <span class='ocrx_word' id='word_1_202' title='bbox 741 3467 823 3530; x_wconf 90' lang='lat' dir='ltr'><strong>Pius</strong></span> <span class='ocrx_word' id='word_1_203' title='bbox 846 3467 899 3530; x_wconf 94' lang='lat' dir='ltr'><strong>VI</strong></span> <span class='ocrx_word' id='word_1_204' title='bbox 922 3466 1034 3531; x_wconf 90' lang='lat' dir='ltr'><strong>labore</strong></span> <span class='ocrx_word' id='word_1_205' title='bbox 1057 3476 1090 3530; x_wconf 92' lang='lat' dir='ltr'><strong>et</strong></span> <span class='ocrx_word' id='word_1_206' title='bbox 1113 3463 1196 3530; x_wconf 89' lang='lat' dir='ltr'><strong>solli·</strong></span> 
     </span>
     <span class='ocr_line' id='line_1_32' title="bbox 76 3564 1195 3645; baseline 0.002 -19"><span class='ocrx_word' id='word_1_207' title='bbox 76 3566 221 3630; x_wconf 88' lang='lat' dir='ltr'><strong>eitudine</strong></span> <span class='ocrx_word' id='word_1_208' title='bbox 253 3587 312 3628; x_wconf 90' lang='lat' dir='ltr'><strong>sua</strong></span> <span class='ocrx_word' id='word_1_209' title='bbox 342 3565 469 3645; x_wconf 84' lang='lat' dir='ltr'><strong>effecit,</strong></span> <span class='ocrx_word' id='word_1_210' title='bbox 507 3573 543 3628; x_wconf 89' lang='lat' dir='ltr'><strong>ut</strong></span> <span class='ocrx_word' id='word_1_211' title='bbox 574 3564 709 3628; x_wconf 90' lang='lat' dir='ltr'><strong>vincula</strong></span> <span class='ocrx_word' id='word_1_212' title='bbox 740 3586 815 3628; x_wconf 90' lang='lat' dir='ltr'><strong>cum</strong></span> <span class='ocrx_word' id='word_1_213' title='bbox 840 3564 925 3630; x_wconf 86' lang='lat' dir='ltr'><strong>Sede</strong></span> <span class='ocrx_word' id='word_1_214' title='bbox 950 3565 1099 3629; x_wconf 86' lang='lat' dir='ltr'><strong>Romana</strong></span> <span class='ocrx_word' id='word_1_215' title='bbox 1129 3585 1195 3628; x_wconf 89' lang='lat' dir='ltr'><strong>non</strong></span> 
     </span>
     <span class='ocr_line' id='line_1_33' title="bbox 76 3661 1196 3748; baseline 0.002 -24"><span class='ocrx_word' id='word_1_216' title='bbox 76 3664 206 3727; x_wconf 90' lang='lat' dir='ltr'><strong>omnino</strong></span> <span class='ocrx_word' id='word_1_217' title='bbox 240 3661 514 3744; x_wconf 86' lang='lat' dir='ltr'><strong>dissolverentur,</strong></span> <span class='ocrx_word' id='word_1_218' title='bbox 550 3672 583 3726; x_wconf 89' lang='lat' dir='ltr'><strong>et</strong></span> <span class='ocrx_word' id='word_1_219' title='bbox 604 3663 754 3748; x_wconf 80' lang='lat' dir='ltr'><strong>episcopi</strong></span> <span class='ocrx_word' id='word_1_220' title='bbox 784 3661 902 3728; x_wconf 87' lang='lat' dir='ltr'><strong>saltem</strong></span> <span class='ocrx_word' id='word_1_221' title='bbox 934 3661 1063 3727; x_wconf 83' lang='lat' dir='ltr'><strong>indulta</strong></span> <span class='ocrx_word' id='word_1_222' title='bbox 1087 3684 1196 3726; x_wconf 87' lang='lat' dir='ltr'><strong>noces·</strong></span> 
     </span>
     <span class='ocr_line' id='line_1_34' title="bbox 75 3758 1196 3846; baseline 0.003 -25"><span class='ocrx_word' id='word_1_223' title='bbox 75 3761 158 3823; x_wconf 84' lang='lat' dir='ltr'><strong>saria</strong></span> <span class='ocrx_word' id='word_1_224' title='bbox 190 3782 211 3824; x_wconf 84' lang='lat' dir='ltr'><strong>a</strong></span> <span class='ocrx_word' id='word_1_225' title='bbox 232 3759 319 3826; x_wconf 86' lang='lat' dir='ltr'><strong>Sede</strong></span> <span class='ocrx_word' id='word_1_226' title='bbox 343 3758 536 3846; x_wconf 85' lang='lat' dir='ltr'><strong>Apostoliea</strong></span> <span class='ocrx_word' id='word_1_227' title='bbox 569 3759 746 3842; x_wconf 84' lang='lat' dir='ltr'><strong>haberent3</strong></span> <span class='ocrx_word' id='word_1_228' title='bbox 783 3760 841 3827; x_wconf 87' lang='lat' dir='ltr'><strong>sed</strong></span> <span class='ocrx_word' id='word_1_229' title='bbox 875 3761 1057 3824; x_wconf 85' lang='lat' dir='ltr'><strong>universim</strong></span> <span class='ocrx_word' id='word_1_230' title='bbox 1090 3761 1196 3845; x_wconf 91' lang='lat' dir='ltr'><strong>perni-</strong></span> 
     </span>
     <span class='ocr_line' id='line_1_35' title="bbox 76 3857 1195 3942; baseline 0.004 -24"><span class='ocrx_word' id='word_1_231' title='bbox 76 3857 179 3922; x_wconf 87' lang='lat' dir='ltr'><strong>ciosos</strong></span> <span class='ocrx_word' id='word_1_232' title='bbox 212 3857 351 3942; x_wconf 81' lang='lat' dir='ltr'><strong>Josephi</strong></span> <span class='ocrx_word' id='word_1_233' title='bbox 387 3881 487 3922; x_wconf 87' lang='lat' dir='ltr'><strong>ausus</strong></span> <span class='ocrx_word' id='word_1_234' title='bbox 522 3857 677 3922; x_wconf 90' lang='lat' dir='ltr'><strong>cohibere</strong></span> <span class='ocrx_word' id='word_1_235' title='bbox 714 3880 781 3922; x_wconf 91' lang='lat' dir='ltr'><strong>non</strong></span> <span class='ocrx_word' id='word_1_236' title='bbox 814 3858 929 3924; x_wconf 88' lang='lat' dir='ltr'><strong>valuit.</strong></span> <span class='ocrx_word' id='word_1_237' title='bbox 984 3857 1081 3939; x_wconf 77' lang='lat' dir='ltr'><strong>Quod</strong></span> <span class='ocrx_word' id='word_1_238' title='bbox 1118 3880 1195 3922; x_wconf 89' lang='lat' dir='ltr'><strong>vero</strong></span> 
     </span>
     <span class='ocr_line' id='line_1_36' title="bbox 77 3954 1198 4040; baseline 0.002 -24"><span class='ocrx_word' id='word_1_239' title='bbox 77 3957 218 4018; x_wconf 90' lang='lat' dir='ltr'><strong>maxime</strong></span> <span class='ocrx_word' id='word_1_240' title='bbox 243 3954 422 4020; x_wconf 88' lang='lat' dir='ltr'><strong>dolendum</strong></span> <span class='ocrx_word' id='word_1_241' title='bbox 447 3967 513 4034; x_wconf 89' lang='lat' dir='ltr'><strong>est,</strong></span> <span class='ocrx_word' id='word_1_242' title='bbox 537 3955 722 4040; x_wconf 80' lang='lat' dir='ltr'><strong>imperator</strong></span> <span class='ocrx_word' id='word_1_243' title='bbox 745 3956 845 4020; x_wconf 88' lang='lat' dir='ltr'><strong>etiam</strong></span> <span class='ocrx_word' id='word_1_244' title='bbox 869 3957 955 4020; x_wconf 87' lang='lat' dir='ltr'><strong>inter</strong></span> <span class='ocrx_word' id='word_1_245' title='bbox 977 3955 1141 4040; x_wconf 83' lang='lat' dir='ltr'><strong>praelatos</strong></span> <span class='ocrx_word' id='word_1_246' title='bbox 1164 3967 1198 4019; x_wconf 88' lang='lat' dir='ltr'><strong>et</strong></span> 
     </span>
     <span class='ocr_line' id='line_1_37' title="bbox 12 4050 1195 4139; baseline 0.003 -27"><span class='ocrx_word' id='word_1_247' title='bbox 12 4107 18 4121; x_wconf 70' lang='grc'>,</span> <span class='ocrx_word' id='word_1_248' title='bbox 76 4050 313 4117; x_wconf 83' lang='lat' dir='ltr'><strong>ecclesiasticos</strong></span> <span class='ocrx_word' id='word_1_249' title='bbox 337 4054 425 4118; x_wconf 86' lang='lat' dir='ltr'><strong>viros</strong></span> <span class='ocrx_word' id='word_1_250' title='bbox 450 4054 579 4117; x_wconf 89' lang='lat' dir='ltr'><strong>invenit</strong></span> <span class='ocrx_word' id='word_1_251' title='bbox 610 4054 666 4139; x_wconf 94' lang='lat' dir='ltr'><strong>qui</strong></span> <span class='ocrx_word' id='word_1_252' title='bbox 691 4055 868 4117; x_wconf 86' lang='lat' dir='ltr'><strong>conamina</strong></span> <span class='ocrx_word' id='word_1_253' title='bbox 898 4054 1003 4138; x_wconf 91' lang='lat' dir='ltr'><strong>ipsius</strong></span> <span class='ocrx_word' id='word_1_254' title='bbox 1026 4075 1195 4139; x_wconf 88' lang='lat' dir='ltr'><strong>promove·</strong></span> 
     </span>
     <span class='ocr_line' id='line_1_38' title="bbox 75 4149 1195 4237; baseline 0.007 -29"><span class='ocrx_word' id='word_1_255' title='bbox 75 4159 158 4212; x_wconf 87' lang='lat' dir='ltr'><strong>runt.</strong></span> <span class='ocrx_word' id='word_1_256' title='bbox 206 4149 370 4231; x_wconf 79' lang='lat' dir='ltr'><strong>Quamvis</strong></span> <span class='ocrx_word' id='word_1_257' title='bbox 384 4151 542 4232; x_wconf 83' lang='lat' dir='ltr'><strong>&#39;&#39;&#39;ai1tem‚&#39;¹</strong></span> <span class='ocrx_word' id='word_1_258' title='bbox 563 4150 708 4236; x_wconf 84' lang='lat' dir='ltr'><strong>Jbsepho</strong></span> <span class='ocrx_word' id='word_1_259' title='bbox 732 4151 767 4214; x_wconf 96' lang='lat' dir='ltr'><strong>II</strong></span> <span class='ocrx_word' id='word_1_260' title='bbox 781 4161 937 4233; x_wconf 82' lang='lat' dir='ltr'><strong>mortue,</strong></span> <span class='ocrx_word' id='word_1_261' title='bbox 973 4154 1063 4237; x_wconf 77' lang='lat' dir='ltr'><strong>rigor</strong></span> <span class='ocrx_word' id='word_1_262' title='bbox 1086 4151 1195 4216; x_wconf 89' lang='lat' dir='ltr'><strong>decre-</strong></span> 
     </span>
     <span class='ocr_line' id='line_1_39' title="bbox 76 4248 1195 4335; baseline 0.006 -28"><span class='ocrx_word' id='word_1_263' title='bbox 76 4253 180 4310; x_wconf 91' lang='lat' dir='ltr'><strong>torum</strong></span> <span class='ocrx_word' id='word_1_264' title='bbox 204 4250 373 4334; x_wconf 86' lang='lat' dir='ltr'><strong>mitigatus</strong></span> <span class='ocrx_word' id='word_1_265' title='bbox 397 4250 496 4313; x_wconf 87' lang='lat' dir='ltr'><strong>fuerit</strong></span> <span class='ocrx_word' id='word_1_266' title='bbox 519 4258 551 4313; x_wconf 90' lang='lat' dir='ltr'><strong>et</strong></span> <span class='ocrx_word' id='word_1_267' title='bbox 574 4248 669 4335; x_wconf 90' lang='lat' dir='ltr'><strong>plura</strong></span> <span class='ocrx_word' id='word_1_268' title='bbox 689 4263 856 4331; x_wconf 86' lang='lat' dir='ltr'><strong>revocata,</strong></span> <span class='ocrx_word' id='word_1_269' title='bbox 880 4252 1061 4334; x_wconf 86' lang='lat' dir='ltr'><strong>generatim</strong></span> <span class='ocrx_word' id='word_1_270' title='bbox 1083 4261 1195 4314; x_wconf 83' lang='lat' dir='ltr'><strong>tamen</strong></span> 
     </span>
    </p>
   </div>
   <div class='ocr_carea' id='block_1_4' title="bbox 1229 692 1349 794">
    <p class='ocr_par' dir='ltr' id='par_1_5' title="bbox 1229 692 1349 794">
     <span class='ocr_line' id='line_1_40' title="bbox 1229 692 1349 731; baseline 0 -1"><span class='ocrx_word' id='word_1_271' title='bbox 1229 692 1349 731; x_wconf 84' lang='lat' dir='ltr'><strong>nnovatlo·</strong></span> 
     </span>
     <span class='ocr_line' id='line_1_41' title="bbox 1265 764 1313 794; baseline 0.021 -1"><span class='ocrx_word' id='word_1_272' title='bbox 1265 764 1313 794; x_wconf 87' lang='lat' dir='ltr'><strong>nes.</strong></span> 
     </span>
    </p>
   </div>
   <div class='ocr_carea' id='block_1_5' title="bbox 0 0 1514 4908">
    <p class='ocr_par' dir='ltr' id='par_1_6' title="bbox 0 0 1514 4908">
     <span class='ocr_line' id='line_1_42' title="bbox 0 0 1514 4908; baseline 0 1"><span class='ocrx_word' id='word_1_273' title='bbox 0 0 1514 4908; x_wconf 95' lang='lat' dir='ltr'><strong> </strong></span> 
     </span>
    </p>
   </div>
  </div>
 </body>
</html>
